1706 3058
282 139 364 180 226

285 244 474 289 devictis
506 243 561 284 ad
592 243 854 284 cranonem'
885 240 938 280 ab
981 238 1208 294 Antipatro
1246 238 1608 290 Atheniensibus,

284 332 389 362 cum
422 316 612 356 victores
643 317 729 364 jam
762 309 1119 367 appropinquare
1140 308 1239 351 urbi
1272 310 1608 359 nunciarentur,

285 388 531 440 civitasque
565 394 730 424 terrore
762 394 804 423 ct
838 381 997 422 timore
1038 380 1301 437 trepidaret,
1342 383 1611 424 Demosthe,

282 457 355 500 nis
377 453 629 500 adversarii,
665 453 868 495 idoneam
895 457 990 505 ejus
1021 450 1308 511 opprimendi
1332 452 1611 495 occasionem

283 527 432 579 nacti,
473 540 550 581 per
590 526 834 566 Demadem
869 534 1089 565 oratorem
1127 523 1312 579 capitale
1341 521 1611 579 supplicium

285 599 372 657 ipsi
407 595 592 651 aliisque
624 595 907 652 quibusdam,
941 594 1017 651 qui
1041 595 1283 635 earundem
1306 593 1353 634 in
1386 593 1610 649 republica

282 670 478 731 partium
503 668 690 713 fucrant,
724 665 993 722 irrogarunt.
1032 666 1232 719 Populus
1254 675 1403 705 autern
1423 658 1611 719 punien-

285 745 353 787 dis
386 739 493 784 belli
522 735 776 778 auctoribus
807 735 993 776 victoris
1024 734 1244 776 ultionem
1283 735 1444 789 expleri
1474 735 1613 776 iram-

285 830 375 874 que
407 816 500 864 ejus
533 807 713 848 illorum
744 806 961 862 sanguine
993 805 1119 862 quasi
1159 804 1321 861 expiari
1353 818 1481 860 posse
1509 818 1613 860 spe-

285 901 399 934 rans,
430 884 633 924 absentes
665 875 826 932 capitis
863 876 1106 918 damnavit.
1169 876 1445 932 Aufugcrant
1473 874 1610 923 enim.

287 959 399 1002 illud
438 954 614 1010 ipsum,
665 948 786 1003 quod
826 946 1016 996 accidit,
1067 957 1339 992 metuentes;
1391 946 1466 986 sed
1506 948 1611 988 mox

285 1021 534 1084 conquisiti
556 1021 608 1061 ab
632 1018 867 1074 Antipatro
888 1031 932 1060 et
952 1017 1178 1060 interfecti
1201 1021 1383 1070 sunt²⁴).
1404 1039 1462 1050 —-
1508 1019 1612 1059 Non

285 1093 498 1145 dissimili
530 1090 703 1133 ratione
732 1090 933 1132 Phocion
965 1102 1154 1147 quatuor
1194 1087 1372 1131 circiter
1400 1099 1502 1144 post
1532 1103 1614 1129 an·-

285 1173 357 1215 nis
390 1184 414 1211 a
443 1165 615 1223 populo
649 1164 882 1203 damnatus
915 1174 992 1203 cst.
1052 1163 1165 1202 Nam
1196 1173 1318 1209 cum,
1348 1169 1452 1215 post
1481 1157 1613 1201 Anti-

283 1241 399 1302 patri
430 1247 644 1287 mortem,
675 1234 1010 1288 Polysperchon
1043 1246 1216 1273 summa
1249 1245 1396 1272 rerum
1426 1228 1611 1285 potitus,

286 1305 633 1359 Atheniensibus
664 1303 938 1359 reliquisque
970 1303 1179 1344 Graeciae
1210 1299 1492 1349 civitatibus,
1524 1313 1612 1357 quo

285 1400 358 1428 eas
389 1397 412 1423 a
438 1374 674 1422 Cassandri
705 1372 907 1430 partibus
928 1374 1211 1427 abstraheret,
1241 1373 1454 1429 pristinae
1483 1372 1612 1415 liber-

286 1454 417 1502 tatis,
449 1452 501 1492 ab
533 1446 770 1502 Antipatro
797 1444 994 1484 sublatae
1024 1443 1355 1486 restitutionem
1385 1443 1613 1500 pollicitus

286 1535 424 1575 esset3
453 1517 680 1578 popularis
716 1513 922 1557 factionis
954 1514 1206 1571 principes,
1237 1514 1468 1564 Phocioni‚
1499 1513 1612 1571 opti-

284 1594 480 1641 matium
523 1587 716 1636 fautori,
765 1590 851 1638 jam
893 1585 970 1626 diu
1010 1585 1327 1633 infensissimi,
1377 1583 1614 1664 et‘oppri-

283 1664 439 1710 mendi
470 1665 562 1714 ejus
594 1655 892 1713 cupidissimi,
925 1656 1051 1698 omni
1082 1658 1217 1698 modo
1249 1671 1354 1698 eum
1385 1654 1611 1698 criminari

284 1736 516 1797 ‘plebisque
545 1730 591 1770 in
633 1743 736 1770 eum
774 1726 929 1768 odium
962 1739 1177 1784 quantum
1219 1739 1422 1783 poterant
1453 1729 1614 1770 incen-

287 1812 390 1853 dere
430 1811 690 1858 coeperunt·
681 1803 744 1851 ⁵).
821 1796 1020 1838 Phocion
1071 1797 1211 1855 igitur
1257 1802 1368 1840 hanc
1412 1797 1613 1840 invidiae

288 1882 512 1922 flammam
543 1882 769 1917 metuenS‚
803 1883 855 1910 ex
885 1871 993 1910 urbe
1023 1870 1076 1909 ad
1106 1871 1529 1926 Polysperchontem
1560 1868 1610 1911 in

284 1946 483 1996 Phocide
514 1954 623 1984 tunc
654 1951 1002 1982 commorantem
1037 1940 1278 1988 concessit,
1313 1939 1529 1982 tutiorem
1562 1956 1610 1983 se

287 2020 405 2078 apud
433 2019 554 2057 hunc
585 2026 717 2068 quam
748 2011 864 2066 apud
904 2008 1023 2051 cives
1063 2025 1168 2052 suos
1212 2012 1305 2053 fore
1346 2022 1478 2053 ratus.
1538 2009 1609 2053 Illi

286 2088 474 2134 interim
511 2083 790 2141 Psephisma,
836 2083 1111 2123 Archestrato
1153 2093 1359 2139 rogante,
1411 2083 1606 2138 pertule-

284 2172 414 2208 runt,
456 2168 509 2199 ut
549 2153 817 2211 legationem
856 2155 1048 2208 populus
1076 2143 1145 2194 ‘ad
1181 2155 1607 2209 Polysperchontem

281 2231 504 2274 mitteret,
545 2240 679 2282 quae,
719 2223 874 2281 populi
909 2224 1112 2277 nomine,
1155 2223 1430 2267 Phocionem
1469 2240 1606 2268 accu-
1663 2263 1666 2266 .

284 2312 410 2346 saret.
476 2297 810 2353 Polysperchon
850 2306 998 2337 autem
1039 2295 1127 2353 ipsi
1169 2296 1335 2353 populo
1385 2296 1605 2348 judicium

327 2420 386 2463 24)
412 2431 445 2451 v.
482 2414 669 2449 Plutarch.
705 2412 902 2447 Demostlr.
940 2425 1043 2459 capp.
1090 2419 1144 2453 28.
1180 2425 1235 2458 29.
1270 2413 1383 2446 Phoc.
1428 2423 1508 2458 cap.
1544 2413 1602 2448 26.
1623 2393 1631 2404 '

327 2489 385 2534 25)
411 2484 598 2521 Plutarch.
625 2482 739 2516 Phoc.
767 2493 845 2526 cap
872 2493 927 2526 55.
954 2479 1172 2529 ἪΑγνωνιδης
1197 2479 1216 2517 δ
1242 2482 1364 2527 ῥήτωρ
1391 2477 1499 2519 work
1522 2479 1602 2518 ἒπε-

279 2546 389 2594 φιῖετο
414 2546 489 2582 τοῖς
512 2549 595 2589 περὶ
627 2543 691 2579 *cdv
724 2546 904 2579 Φωκίωια
937 2547 997 2577 καὶ
1032 2543 1227 2590 κατηγορρἷ
1257 2541 1468 2587 προδοσίας.
1516 2543 1601 2577 Hoc

277 2611 323 2644 de
349 2612 446 2652 justa
469 2604 728 2646 accusatione,
763 2601 887 2649 γραφῆ
916 2608 979 2636 aut
1012 2599 1235 2650 εισαγγολίᾳ,
1268 2601 1508 2648 accipienda
1520 2614 1599 2639 non

275 2676 374 2705 sunt.

1670 2408 1706 2548 ἔ

1667 2537 1706 2581 '³‘
1671 2565 1706 2630 1

1669 2823 1671 2827 -
1644 2647 1693 2783 ἔκ
1665 2592 1688 2646 1-
