1706 3058
1352 127 1429 170 151

95 245 320 283 summus,
351 229 576 286 Augustus
607 229 889 277 Boeckhius,
924 239 1056 286 atque
1085 230 1216 272 aliam
1249 232 1305 273 de
1333 232 1425 274 isto

93 307 246 363 σημείῳ
277 308 578 355 conjecturam
612 304 929 357 proposuit¹⁷)‚
973 302 1279 352 doctissimam
1318 293 1424 360 q‘ui-

91 377 193 417 dem
225 384 269 416 ct
297 373 732 433 ingeniosissimarn,
776 388 923 428 neque
954 384 1127 424 tamen,
1167 390 1269 417 meo
1300 376 1423 429 judi-

91 446 188 502 cio,
237 461 288 487 ex
331 443 455 490 omni
495 456 619 501 parte
657 443 947 500 probabilem.
1018 449 1083 496 An
1123 446 1421 505 probabiliora

88 518 203 568 sint,
236 531 347 574 quae
377 531 401 558 a
431 508 505 567 me
535 530 656 558 nunc
686 516 991 572 proferentur,
1023 518 1210 559 aliorum
1241 518 1301 560 sit
1333 519 1420 561 exi·

62 580 300 636 ‘stimatim
333 602 481 644 neque
511 586 769 643 aequiorem
790 586 906 628 mihi
929 588 1122 640 judicem
1148 606 1419 649 quemquam

87 661 205 708 fore,
247 675 380 716 quam
413 659 561 716 ipsum
593 659 897 708 Boeckhium,
940 671 1058 702 certe
1088 661 1194 704 scio.

171 750 262 789 Jam
295 747 489 803 primum
513 744 627 786 illud
650 760 671 786 a
688 744 916 786 Boeckhio
939 746 1045 788 satis
1066 751 1302 804 probatum
1335 763 1414 802 est,

84 833 231 875 neque
264 809 456 859 dubium
488 830 582 857 esse
612 828 763 872 potest
793 816 1027 874 cuiquam,
1062 819 1139 874 qui
1170 823 1417 866 Andocidis

83 892 234 932 locum
257 891 402 946 paullo
424 886 675 929 accuratius
701 900 847 930 totum
880 888 1131 945 perlegerit,
1161 894 1328 934 nullam
1354 910 1416 935 es.

79 976 127 1003 se
159 976 210 1003 eo
239 963 339 1003 loco
370 958 658 1001 comitiorum
691 958 983 1003 mentionem.
1043 961 1186 1019 Atque
1208 965 1278 1005 vel
1307 966 1418 1007 haec

80 1031 176 1090 ipsa
207 1033 363 1075 verba:
398 1034 439 1074 οἵ
459 1029 495 1074 δ’
531 1032 574 1073 ἐκ
601 1037 674 1085 τῆς
708 1029 862 1087 ἀγορᾶς
891 1033 1070 1090 ἔφυγον,
1110 1048 1203 1076 rem
1234 1033 1283 1076 in
1316 1036 1413 1077 foro

79 1116 223 1146 actam
264 1117 356 1145 esse
399 1105 728 1151 demonstrant,
777 1101 948 1144 nonin
990 1104 1212 1153 comitiis;
1266 1122 1413 1163 neque

79 1175 203 1218 enim
236 1176 382 1217 solent
413 1188 610 1230 unquam
641 1175 773 1233 huj-us
795 1173 951 1216 aetatis
972 1174 1108 1217 Attici
1140 1175 1296 1232 ἀγοράν
1327 1192 1414 1220 vo-

75 1262 176 1289 care
208 1245 500 1289 comitiorum
530 1247 695 1288 locum.
756 1244 873 1286 Mihi
913 1246 1095 1302 quidem
1135 1260 1306 1290 certum
1337 1248 1414 1290 vi-

77 1320 231 1372 detur,
270 1318 345 1360 illa
385 1316 628 1369 Andocidis
671 1319 825 1361 verba:
883 1317 1008 1374 καὶὴ
1048 1318 1166 1370 πόλις
1197 1320 1303 1363 οὕτω
1335 1322 1414 1364 διὲ-

74 1408 184 1434 κειτο
216 1409 251 1440 κ.
281 1409 312 1434 τ.
341 1396 372 1433 λ.
405 1404 497 1431 non
529 1389 598 1438 id,
644 1390 765 1446 quod
797 1392 933 1438 semel
966 1405 1059 1432 uno
1092 1392 1287 1448 quodam
1320 1391 1409 1442 die,

74 1460 151 1501 sed
183 1460 303 1519 quod
337 1475 415 1515 per
445 1460 560 1502 illud
594 1475 726 1502 omne
758 1471 956 1515 tempus,
991 1463 1097 1502 dum
1130 1461 1239 1502 istae
1272 1477 1409 1518 quae-

74 1529 244 1573 stiones
276 1535 614 1580 exercebantur,
659 1531 831 1586 saepius
865 1530 961 1571 fieri
994 1532 1179 1573 solitum
1210 1531 1288 1581 sit,
1331 1532 1410 1573 in-

74 1600 248 1651 dicare3
280 1602 397 1644 sicut
428 1602 533 1643 alibi
566 1617 756 1658 quoque,
790 1603 844 1643 de
867 1601 1031 1643 iisdem
1054 1605 1182 1644 rebus
1202 1606 1405 1660 loquens,

76 1673 211 1717 dicit:
265 1673 606 1729 Ἀναμνήσθητε,
636 1676 678 1717 ἐν
709 1677 782 1732 οἵῳ
810 1673 989 1732 κινδύνῳ
1019 1677 1087 1717 καὶ
1116 1673 1316 1737 ἀμηχανίᾳ
1333 1697 1406 1721 κα-

71 1748 264 1799 θέστοιτε,
311 1749 382 1789 καὶ
419 1745 480 1789 ὅτι
522 1744 629 1788 οὕτω
662 1744 825 1801 σφόδρα
865 1751 974 1800 σφᾶς
1003 1743 1155 1795 αὕτοῦς
1182 1747 1401 1803 ἐφόβησεν,

72 1811 164 1861 ὥστ’
196 1816 284 1862 οὐδ’
317 1821 376 1869 εἰς
405 1816 479 1872 τὴν
511 1814 667 1873 ἀγορὰν
688 1819 744 1863 ἔτι
777 1815 949 1874 {gfff-save,
990 1819 1156 1868 ἕκαστος
1180 1816 1298 1874 ὑμῶν
1319 1819 1402 1864 οἷό·

70 1907 196 1944 μενος
227 1892 596 1945 συλληφθῆναιῑε).

156 1979 335 2033 Itaque,
371 1991 475 2019 cum
507 1977 562 2016 ad
593 1973 774 2016 comitia
805 1972 921 2016 illud
957 1983 1125 2031 σημεῖον
1155 1975 1267 2027 nihil
1298 1988 1404 2034 per..-

72 2040 249 2096 tineat‚‘
268 2058 400 2104 putat
429 2045 708 2104 Boeckhius,
741 2046 786 2087 id
816 2061 909 2088 esse
939 2048 1174 2103 publicum
1204 2048 1400 2091 civitatis

71 2119 281 2175 sigillum,
316 2132 405 2175 quo
437 2116 662 2172 obsignari
693 2117 842 2159 curiae
874 2110 987 2160 fores
1019 2121 1225 2165 solerent.
1287 2120 1401 2177 „Igi-

70 2199 206 2245 tur,“
236 2189 400 2249 inquit,
431 2188 648 2245 „quoties
682 2191 867 2239 Senatus
898 2190 948 2231 in
973 2190 1143 2234 curiam
1173 2191 1396 2240 introiret,

119 2340 176 2386 17)
203 2340 249 2379 In
273 2339 404 2375 Indice
426 2338 637 2374 lectionum
659 2337 821 2374 univers.
855 2337 1024 2373 Berolin.
1059 2349 1096 2383 p.
1130 2345 1311 2374 semestre
1336 2350 1397 2374 ae-

70 2399 230 2445 stivum,
266 2406 365 2448 1817.

118 2486 176 2528 18)
202 2486 383 2521 Andocid.
410 2486 458 2521 de
490 2485 616 2521 reditu
639 2496 727 2529 suo,
762 2497 798 2531 p.
827 2497 890 2526 20,
925 2495 982 2530 57.
1018 2484 1146 2529 Steph.
1169 2504 1215 2511 --
1262 2486 1395 2529 Itaque

72 2552 201 2580 nostro
233 2546 341 2589 loco,
377 2559 445 2592 pro
472 2547 740 2591 conjunctiviS,
778 2544 910 2594 ᾇνείπῃ
933 2564 979 2579 -.-
1001 2547 1163 2593 aufidi-37,
1191 2545 1392 2581 manifesto

71 2606 197 2650 falsis,
222 2607 411 2643 scribendi
434 2609 612 2645 ridentur
637 2607 810 2653 optativi:
837 2604 1002 2650 α’νείπσι,
1036 2607 1206 2644 καθέλοι.
