1706 3058
279 78 361 122 356

276 187 459 230 historia
487 196 616 229 notus
646 196 725 227 est.
783 186 868 228 Sed
899 185 976 241 qui
1004 186 1052 227 in
1071 195 1338 242 perpetuum
1366 183 1443 226 illo
1473 196 1594 239 prae·

275 259 368 303 mio
399 258 540 301 ornati
571 267 705 305 erant,
738 255 906 301 ἇείσιτοι
937 257 1279 306 dicebantur²⁴);
1312 254 1382 296 alii
1412 253 1605 296 honorio·

275 346 409 373 causa
443 329 576 370 semel
614 329 672 369 ad
710 341 897 371 coenam
938 329 988 371 in
1026 330 1243 381 Prytaneo
1274 325 1594 380 invitabantur,

225 388 230 397 .
276 403 401 442 velut
432 398 584 454 legati,
613 409 713 454 post
731 400 1084 442 administratam
1106 398 1374 454 legationem
1404 396 1594 438 domum

275 470 515 522 reversi²·)·
558 493 616 504 -—-
675 475 905 527 Προεὸρία,
946 471 1069 512 sedes
1108 470 1154 511 in
1191 470 1359 513 theatro
1407 465 1594 520 aliisque

275 541 463 598 publicis
483 545 797 584 conventubue
820 540 1102 599 primaria¹⁶).
1133 563 1188 573 —
1247 539 1413 586 Εἰκών,
1446 546 1594 578 statua.

273 623 350 656 aut
384 613 503 669 picta
541 613 710 668 imago,
751 614 798 655 in
838 612 1016 669 publico
1061 609 1285 665 posita²⁷)‚
1325 620 1367 651 et
1398 607 1591 665 ἐπιγράμ-

275 704 400 741 ματα,
432 685 551 726 tituli
581 695 712 739 atque
739 682 1047 738 inscriptiones
1078 680 1351 722 honorificae
1370 678 1416 720 in
1446 678 1590 734 publi·

274 758 337 799 cis
385 755 771 807 monumentis²⁸>‚
833 768 998 795 nomen
1055 751 1356 808 essepyc'vovff),
1413 749 1591 805 aliaque

273 828 507 880 ejusmodi.
567 828 708 881 Atque
747 824 793 866 hi
833 826 1034 867 omnium
1063 826 1283 864 honorum
1310 822 1490 869 *summi
1518 835 1590 862 re-

271 900 556 955 putabantur.
587 920 643 929 —
700 897 796 939 Alia
826 907 967 947 erant,
996 894 1154 951 quibus
1183 893 1495 935 ‘excellentium
1525 890 1588 933 vi-

273 983 428 1012 rorum
459 968 594 1010 etiam
623 979 723 1024 post
753 978 945 1010 mortem
975 966 1193 1009 memoria
1223 967 1483 1017 colebatur‚.
1515 962 1603 1005 fu-·.

272 1055 358 1083 nus
399 1040 580 1096 publico
617 1049 790 1089 sumtu,
837 1039 1078 1080 liberorum
1118 1037 1346 1087 educatio,
1395 1034 1602 1077 filiarum.

275 1112 468 1159 dotatio,
501 1111 646 1153 victus
676 1109 856 1166 posteris
886 1107 1059 1160 publice
1089 1109 1329 1162 praebitus,
1369 1107 1462 1163 agri
1489 1105 1592 1148 alia-

273 1197 363 1239 que
393 1184 509 1224 dona
541 1183 664 1231 data,
695 1195 806 1236 quae
836 1179 986 1221 omnia
1013 1178 1191 1220 Aristidi
1230 1181 1409 1233 ejusque
1438 1184 1605 1233 poste-i

270 1254 332 1295 ris
363 1252 596 1309 contigisse
625 1252 889 1309 Plutarchus
919 1248 1140 1298 scribit⁵⁰).
1166 1271 1242 1285 -A
1275 1249 1367 1290 Alia
1395 1247 1592 1304 praemia.

270 1324 606 1381 peregrinorum
646 1319 827 1378 propria
865 1328 990 1362 erant
1027 1322 1243 1370 ι’σοτελεία,
1284 1320 1338 1360 de
1376 1332 1465 1374 qua
1498 1323 1592 1370 jam

271 1408 403 1451 supra
433 1394 602 1436 dictum
632 1396 788 1445 estu),
821 1398 865 1432 et
892 1393 1104 1447 προξενίαν,
1135 1389 1502 1446 publicum,-cum
1532 1388 1590 1430 ci-

273 1466 410 1508 vitate
438 1464 583 1507 Attica
620 1461 938 1519 hospitium³²).
998 1459 1248 1518 Ἐπιγαμίαν
1285 1473 1484 1516 quoque,
1521 1465 1590 1512 jus

271 1535 622 1585 connubiorum,
669 1534 826 1576 exteris
864 1531 1121 1576 civitatibus
1162 1531 1403 1590 aliquando
1443 1532 1592 1574 datam

319 1688 378 1732 24)
403 1687 537 1722 Pollux
560 1687 624 1721 Ix.
647 1697 703 1730 40.
731 1684 894 1731 Hesyoh.
920 1696 949 1719 s.
976 1698 1010 1721 v.

319 1756 378 1799 25)
406 1755 537 1789 Pollux
559 1755 584 1789 1.
610 1755 636 1789 1.
664 1755 720 1789 Cf.
748 1766 827 1799 cap.
854 1760 888 1793 8.
913 1754 990 1795 huj.
1017 1753 1104 1788 libr.

319 1824 376 1866 26)
406 1824 560 1858 Casaub.
587 1822 633 1856 ad
656 1822 900 1867 Theophrast.
928 1821 1099 1856 Charact.
1127 1831 1205 1865 cap.
1229 1830 1262 1866 5.
1297 1830 1330 1864 5.
1364 1831 1400 1865 p·
1436 1831 1491 1866 7⁰·
1529 1792 1610 1854 ed·-

270 1882 434 1917 Fischer.
460 1881 717 1916 Hemsterhus.
745 1882 791 1916 ad
815 1883 956 1916 Polluc.
991 1882 1096 1916 VIII.
1125 1893 1200 1926 133.

321 1952 379 1998 27)
405 1951 516 1985 Petit.
544 1952 660 1996 Legg.
687 1952 762 1984 Att.
788 1963 823 1995 p.
850 1962 928 1997 377.
955 1951 1098 1984 Meurs.
1126 1951 1272 1983 Ceram.
1298 1959 1396 1993 gem.
1423 1959 1505 1992 cap.
1534 1947 1591 1983 26.

271 2011 453 2048 Dinarch.
478 2011 518 2044 in
541 2009 737 2045 Demosth.
761 2022 797 2056 Ρ.
822 2021 878 2057 95.
905 2023 960 2056 54.
986 2013 1082 2056 Nep.
1109 2009 1269 2044 Miltiad.
1307 2020 1339 2042 c.
1372 2009 1404 2042 6.
1430 2009 1588 2042 Pausan.

252 2074 346 2119 4Att.
390 2084 422 2106 c.
470 2082 521 2116 15-
566 2072 598 2116 ς.
639 2083 673 2115 4..
718 2070 767 2106 cf.
813 2072 899 2116 Lys.
937 2071 1076 2105 fraffm.
1121 2071 1176 2115 64.
1219 2070 1309 2116 ibiq.
1349 2068 1520 2114 Taylor.¹
1548 2079 1586 2112 p.

275 2140 327 2173 18.
354 2135 403 2168 R.

319 2208 375 2245 28)
412 2201 527 2234 Wolf.
549 2200 596 2234 ad
619 2199 768 2245 Leptin.
794 2211 829 2244 p.
857 2204 932 2238 288.
959 2210 1038 2244 331.

318 2272 377 2316 29)
402 2270 515 2303 Wolf.
542 2269 566 2302 1.
593 2269 619 2303 l.
645 2281 681 2314 Ρ.
709 2273 785 2307 282.
810 2267 857 2302 cf.
883 2269 968 2312 Lys.
994 2279 1050 2313 pr.
1076 2268 1311 2313 Polystrato,
1342 2277 1380 2311 Ρ.
1418 2276 1496 2312 ¹59›
1526 2275 1584 2311 59.

275 2331 403 2377 Steph.

316 2402 378 2446 30)
404 2398 594 2434 Plutarch.
622 2398 769 2432 Aristid.
798 2409 877 2444 cap.
906 2410 960 2445 27.

314 2470 374 2514 51)
399 2467 482 2500 Vid.
510 2466 574 2500 lib.
607 2467 636 2500 1.
665 2478 747 2511 cap.
775 2466 807 2500 6.

317 2539 375 2582 32)
401 2535 599 2581 Spanhem.
627 2534 673 2567 ad
697 2533 883 2579 Aristoph.
909 2534 1003 2568 Ran.
1030 2546 1061 2568 v,
1089 2536 1169 2579 461.
1194 2533 1370 2570 Valcken.
1397 2531 1518 2567 Anim.
1541 2528 1587 2564 ad

272 2601 440 2633 Ammon·
466 2609 500 2643 Ρ.
528 2608 616 2644 ποι.
633 2606 688 2641 sq.
719 2595 833 2630 Wolf.
862 2594 907 2629 ad
932 2596 1038 2641 Lept.
1063 2604 1140 2641 355.
