1706 3058
1338 93 1416 138 561

88 216 212 250 erant
244 204 538 261 Εὐπατριδῶν,
571 203 773 261 singulae
806 202 1061 257 Γεωμόρων,
1103 200 1305 257 singulae
1337 204 1417 245 de-

88 279 228 334 nique
279 281 554 333 Δημιουργῶν
606 275 842 331 phratriae.
901 286 904 291 ·
931 271 1232 316 Phratriarum
1284 289 1418 334 porro

89 360 239 405 gentes
272 349 401 405 (γένη)
433 357 556 390 erant
587 345 809 395 tricenae;
855 349 1012 387 harum
1043 360 1193 386 rursus
1223 346 1420 387 familiae

87 421 278 462 totidem
312 420 450 461 fuisse
482 419 772 470 dicuntur³⁷).
833 420 976 472 Atque
995 419 1081 458 hoc
1099 416 1263 472 ipsum,
1297 419 1421 472 quod

87 502 233 533 certus
263 491 581 544 phratriarum,
622 489 822 545 gentium
864 487 1230 544 familiarumque
1256 499 1423 531 nume-

91 577 165 604 rus
211 561 424 604 definitus
473 572 589 615 erat,
639 559 912 616 apertissime
963 561 1257 609 demonstrat,
1306 563 1422 604 hanc

90 649 270 677 omnem
301 632 647 688 descriptionem
679 644 769 671 non
800 632 945 672 solum
979 646 1001 672 e
1031 643 1185 672 natura
1224 632 1422 681 ductam,

88 707 285 757 sedjure
313 704 573 761 legibusque
597 702 847 744 ordinatam
880 717 985 750 esse,
1017 701 1065 743 id
1097 705 1218 759 quod
1249 705 1302 745 de
1322 719 1425 760 gen-

90 776 214 818 tibus
246 776 428 832 quidem
461 785 631 815 veteres
660 772 746 828 ipsi
788 772 992 815 disertim
1033 785 1271 825 testantur,
1320 789 1426 818 cum

93 846 307 904 gentileS‚
348 847 563 905 (γεννῆτας
592 855 666 884 aut
698 842 986 900 ὁμογάλακτας)
1018 844 1154 886 fuisse
1185 845 1335 888 dicant
1363 850 1426 904 γε’.

92 937 158 963 νει
185 921 257 973 μὲν
289 917 338 962 οὐ
370 917 667 974 προσήκοντας,
699 917 742 959 ἐκ
773 917 817 960 δὲ
845 922 918 971 τῆς
948 916 1126 960 συνόδου
1161 917 1268 962 οὕτω
1297 935 1425 977 προσ-

94 992 433 1046 αγορευομὲνους.

94 1114 261 1160 τριττῦς,
287 1122 349 1151 καὶ
374 1116 506 1158 ἔθνος.
532 1119 592 1151 καὶ
616 1117 790 1162 ‹peut-(fia.
815 1137 861 1143 —
885 1137 931 1144 —
954 1137 999 1144 -
1024 1118 1110 1162 τρία
1134 1115 1173 1152 δὲ
1194 1112 1240 1161 ἦν
1261 1117 1310 1154 τοὶ
1333 1119 1428 1164 ἔθνη

88 1173 220 1219 πάλαι,
240 1174 489 1221 Εὗπατρίὸαι,
507 1174 709 1223 Γεωμόρφ,
723 1180 940 1223 Δημουργοί.
966 1179 1188 1222 Harpocrat.
1200 1179 1242 1212 in
1258 1176 1428 1225 Ἅριττέεε

92 1234 239 1283 τριττιῖς
262 1235 339 1272 ἔστι
362 1236 407 1272 τό
434 1239 561 1281 τρίτον
588 1239 700 1282 μέρος
723 1236 786 1271 ἐἷς
810 1237 940 1282 φυλῆς·
967 1235 1058 1281 ullu]
1081 1238 1151 1285 γᾰρ
1177 1236 1349 1289 διῄρηται
1383 1238 1434 1278 εἷς

91 1298 179 1341 τρία
203 1299 319 1344 μέρη,
351 1296 497 1342 τριττῦς
527 1296 595 1341 (ita
623 1296 749 1339 scrib.)
771 1301 832 1332 καὶ
851 1297 943 1340 ἔθνη
962 1302 1023 1331 καὶ
1045 1303 1238 1344 φρατρίας,
1260 1298 1306 1336 ὥς
1322 1316 1432 1348 φησιν

95 1354 358 1405 Ἀριστοτέλης
383 1357 424 1393 ἐν
448 1354 668 1400 Ἀθηναίων
693 1355 874 1400 πολιτείᾳ.
926 1357 1027 1390 Suid.
1053 1358 1092 1391 in
1117 1359 1298 1406 φράτορες
1308 1376 1318 1394 .·
1343 1367 1434 1408 φασι

96 1415 136 1454 δὲ
157 1416 202 1453 ‘cti
227 1414 320 1454 αὗτᾶ
344 1418 454 1454 ἔθνος
478 1417 575 1452 εἶναι
607 1415 632 1461 ἤ
655 1415 826 1461 τριττύν,
859 1417 946 1461 ἤτοι
965 1421 1162 1462 φρατρίαν.
1208 1420 1306 1458 Sane
1329 1422 1432 1456 hunc

96 1490 250 1515 sensum
274 1484 314 1513 et
336 1478 499 1513 Pollucis
525 1483 563 1510 et
594 1476 919 1521 Harpocrationis‚
956 1489 1023 1511 seu
1059 1480 1184 1523 potius
1219 1482 1433 1518 Aristotelis

97 1542 213 1575 verba
235 1540 400 1582 habent,
436 1545 474 1572 et
499 1537 594 1571 nihil
618 1536 696 1581 agit
721 1537 944 1579 Salmasius,
979 1540 1088 1573 Ohss.
1116 1541 1162 1574 ad
1195 1543 1225 1575 I.
1253 1544 1295 1577 A.
1324 1551 1362 1577 et
1384 1546 1449 1579 R.-

96 1613 133 1646 p.
162 1613 238 1635 ιιι.
264 1611 320 1646 sq.
358 1600 448 1633 dum
481 1610 526 1632 ea
550 1598 662 1631 aliter
687 1598 872 1642 explicare
897 1605 1066 1648 conatur.
1119 1602 1178 1635 Cf.
1205 1603 1428 1648 Harpocrat.

95 1662 136 1696 in
160 1660 342 1708 γεννῆται.
390 1658 586 1693 Aeschinis
614 1658 769 1704 quidem
793 1665 833 1692 et
863 1660 1135 1695 Demosthenis
1167 1669 1294 1699 aetate
1326 1680 1433 1711 τρι-ε..

99 1719 179 1758 τῦες
203 1727 312 1756 erant
337 1733 357 1754 a
381 1718 558 1764 phratriis
583 1718 698 1763 longe
725 1719 916 1763 diversae,
943 1731 1104 1755 nun-reso
1128 1725 1305 1769 triginta,
1334 1739 1432 1772 quae

98 1783 147 1816 ad
178 1781 443 1816 trierarchiam
476 1779 728 1824 pertinebant.
762 1780 835 1814 vid.
870 1783 981 1816 Dem.
1019 1795 1072 1816 or.
1109 1784 1156 1818 de
1181 1787 1366 1831 Symmor.
1392 1801 1431 1834 p.

101 1848 174 1888 184.
209 1842 382 1876 Aeschin.
420 1841 500 1874 adv.
540 1840 778 1884 Ctesiphont.
806 1853 841 1886 p.
868 1853 948 1887 425.
998 1845 1072 1878 Sed
1097 1846 1186 1890 quid
1208 1846 1283 1881 hoc
1305 1848 1352 1882 ad
1376 1860 1433 1892 ea,

101 1904 150 1938 de
175 1903 309 1949 quibus
334 1915 402 1936 nos
428 1902 598 1947 agimus,
621 1903 822 1945 tempora?

149 1973 208 2018 37)
229 1972 383 2014 Pollux,
409 1971 434 2004 1.
461 1971 486 2003 1.
515 1967 669 2005 ἑκάστου
695 1970 733 2006 δὲ
757 1971 889 2009 ἔθνους
921 1976 1006 2020 γένη
1041 1974 1264 2020 τριάκοντα,
1299 1978 1339 2020 ἐξ
1370 1976 1437 2014 ἆν-

103 2030 200 2077 δραῖν
223 2030 430 2072 roceam»,
458 2029 483 2065 ιῖ
507 2030 672 2066 ἐκαλεῖτο
699 2030 901 2075 τριακάὸες.
954 2035 1010 2069 Cf.
1037 2037 1219 2082 Hal-poor.
1260 2045 1298 2072 et
1331 2040 1433 2074 Sm’d.

104 2094 145 2126 in
169 2094 350 2140 γεννῆται.
392 2089 558 2135 ”Auum
590 2097 718 2126 autem
756 2104 813 2138 ap.
849 2095 1045 2130 Pollucem
1069 2109 1151 2131 esse
1175 2104 1302 2144 patres
1326 2100 1433 2134 fami·

106 2153 265 2194 liarum,
293 2153 449 2186 dubium
474 2164 556 2186 esse
579 2163 656 2185 non
679 2159 812 2197 potest.
837 2174 884 2180 —
931 2157 1111 2191 Ceterum
1142 2159 1182 2192 in
1208 2161 1370 2204 primam
1397 2168 1436 2196 et

105 2215 321 2248 naturalem
345 2213 480 2247 harum
505 2212 732 2247 divisionum
757 2217 944 2261 originem
968 2217 1166 2263 inquirere
1198 2220 1356 2266 longum
1379 2229 1436 2256 est

107 2274 181 2308 hoc
205 2276 312 2318 loco,
338 2285 463 2320 neque
487 2274 764 2314 necessarium;
792 2288 916 2322 neque
944 2289 1121 2324 umquam
1146 2282 1307 2327 perspici
1330 2291 1435 2328 pote—

107 2335 179 2378 rit,
222 2342 402 2381 quantum
430 2340 583 2375 natura,
630 2343 813 2380 quantum
849 2342 933 2381 jure
966 2351 1010 2372 ac
1039 2339 1187 2384 legibus
1211 2343 1353 2378 factum
1378 2346 1435 2378 sit.

110 2397 247 2442 Itaque
270 2397 443 2431 consulto
463 2395 701 2440 praetermisi
726 2409 821 2443 quae
837 2399 935 2443 apud
963 2401 1196 2445 Stephanum
1214 2405 1438 2449 Byzantium

111 2467 136 2490 e
170 2457 404 2492 Dicaearcho
453 2461 630 2500 excerpta
662 2456 863 2502 leguntur,
906 2471 1002 2505 quae
1035 2473 1112 2495 non
1143 2462 1302 2506 docent,
1350 2466 1439 2511 quid

114 2516 256 2550 factum
282 2517 350 2560 sit,
378 2517 444 2551 sed
470 2517 559 2562 quid
583 2516 836 2553 Dicaearchus
861 2520 1004 2555 factum
1030 2532 1112 2555 esse
1135 2526 1333 2568 putaverit.
1383 2527 1439 2560 Ad

111 2576 186 2610 hoc
210 2588 286 2611 non
321 2577 368 2611 de
400 2578 523 2610 Attica
555 2576 709 2611 civitate
740 2579 979 2626 singulatim,
1018 2582 1082 2617 sed
1118 2583 1165 2617 de
1198 2586 1368 2620 omnihus
1401 2588 1442 2621 in

115 2637 333 2672 universum
356 2638 613 2674 Dicaearchus
639 2647 778 2684 egerat.
