1706 3058
1332 67 1417 126 ’529

100 181 268 234 (παῖ’).
328 182 414 224 Sed
441 183 549 222 haec
588 181 643 220 ad
672 177 853 220 comitia
883 191 973 219 non
1003 175 1276 233 pertinebat:
1316 191 1421 220 nam

101 254 221 310 quod
250 251 420 295 Petitus
450 250 723 300 autumavit,
759 248 915 305 populi
953 247 1174 304 suffragiis
1203 247 1422 307 designari

101 323 350 380 oportuisse
381 336 476 369 coe,
521 320 636 362 inter
668 335 780 376 quos
812 319 962 362 sortiri
992 318 1172 368 liceret,
1214 321 1303 370 jam
1333 320 1423 361 du-

99 396 209 436 dum
242 397 295 436 ab
328 392 426 434 aliis
458 393 698 433 refutatum
729 390 869 447 e8t80).

186 465 396 507 Liberum
428 473 517 504 erat
556 462 611 503 iis
651 461 729 518 qui
772 460 906 504 creati
949 473 1095 510 erant,
1135 475 1297 503 munus
1336 460 1422 504 sibi

99 538 364 579 mandatum
394 549 596 578 recusare
627 545 671 575 et
704 538 871 585 ejurare
900 544 1080 589 propter
1110 535 1316 574 morbum
1336 533 1423 575 ali..

99 622 202 650 asve
232 620 379 648 causas
409 606 615 656 sonticas,
648 606 767 661 quod
797 604 1051 646 dicebatur:
1083 605 1331 659 ἐξόμνυσθαι
1347 606 1423 660 τήν

100 676 229 734 ἇρχήν
259 688 336 719 aut
364 678 439 733 τὴν
466 680 796 733 χειροτονία-νει).
857 677 1067 718 Ceterum
1097 675 1323 726 omnibus,
1351 692 1424 718 an-

99 760 278 805 tequam
308 747 608 804 magistratum
637 747 984 804 auspicarentur,
1016 747 1302 788 subeundum
1334 759 1425 790 erat

100 823 339 875 δοκιμασίας
368 817 609 871 judicium,
650 818 902 874 licebatque
930 816 1075 859 cuivis
1106 832 1179 859 eos
1219 830 1294 861 aut
1321 835 1427 876 pro-

100 902 200 947 pter
243 890 360 931 vitae
397 889 720 946 turpitudinem
756 888 1076 945 commissaque
1116 889 1306 946 flagitia,
1349 904 1426 934 aut

99 973 280 1018 propter
309 963 477 1002 malum
508 960 556 1001 in
587 960 905 1017 rempublicam
946 961 1174 1010 animum,
1216 972 1292 1003 aut
1325 978 1425 1019 pro·

100 1045 167 1075 ter
199 1033 332 1075 aliam
363 1047 676 1090 quamcunque
707 1046 882 1073 causam
921 1031 1132 1088 indignos
1162 1047 1257 1074 esse
1286 1036 1427 1076 hono·

101 1102 225 1146 ribus
257 1118 452 1160 arguere.
511 1105 841 1144 Exercebantur
870 1113 1018 1144 autem
1058 1105 1278 1156 ejusmodi
1306 1108 1428 1159 judi-

100 1172 168 1216 cia
199 1188 223 1214 a
254 1173 663 1224 Thesmothetis⁸²).
725 1172 817 1229 Qui
848 1173 1070 1228 reprobati
1102 1187 1224 1217 erant
1254 1192 1277 1218 a
1304 1181 1426 1231 judi..

100 1244 253 1298 cibus,
295 1246 414 1300 quod
463 1242 851 1299 ἀποδοκιμασθῆναι
899 1243 1087 1293 dicitur,
1138 1261 1232 1288 non
1271 1252 1427 1303 ,solum
1478 1269 1480 1271 ’

100 1330 193 1358 non
224 1314 505 1371 accipiebant
533 1315 861 1372 magistratum,
896 1317 969 1357 sed
998 1315 1129 1357 etiam
1159 1317 1295 1379 ἀτιμίᾳ
1325 1339 1427 1379 qua.

102 1389 205 1428 dam
236 1364 556 1435 afficiebantur,
587 1385 626 1427 si
657 1386 772 1427 fides
802 1386 1004 1428 habenda
1035 1398 1101 1428 est
1131 1391 1302 1432 auctori
1331 1394 1428 1450 pri..

101 1474 202 1501 mae
244 1457 293 1498 in
333 1456 684 1513 Aristogitonem
727 1455 955 1499 orationis.
1027 1461 1068 1499 Is
1099 1460 1218 1501 enim
1251 1476 1324 1504 eos
1356 1465 1425 1505 di-

103 1529 238 1572 cendi
269 1529 317 1570 in
348 1528 541 1570 comitiis
570 1534 668 1583 jure
699 1527 897 1585 privatos
941 1543 1036 1575 esse
1067 1529 1178 1575 dicit
1191 1535 1260 1584 ⁸³).

150 1686 210 1732 79)
237 1685 436 1719 Demosth.
461 1685 502 1719 in
525 1686 658 1720 Boeot.
688 1684 734 1720 de
757 1696 860 1720 nom.
895 1698 933 1731 p.
967 1691 1046 1733 998.
1081 1687 1129 1722 cf.
1166 1689 1276 1725 Petit.
1307 1692 1423 1741 Legg.

107 1747 179 1780 Att.
205 1757 242 1791 p.
267 1757 347 1790 303.

150 1829 210 1873 80)
236 1830 347 1864 Petit.
373 1830 398 1863 l.
424 1830 448 1863 1.
476 1842 511 1875 p.
538 1841 617 1875 302.
653 1832 823 1867 Perizon.
857 1831 904 1865 ad
935 1832 1078 1867 Aelian.
1108 1835 1210 1872 VIII.
1252 1850 1304 1873 ιο.
1353 1842 1428 1877 Sed

107 1896 267 1936 uterque
290 1891 430 1926 verba:
458 1890 582 1935 ἄρχειν
607 1890 810 1937 ἐφιέμενοι,
837 1904 891 1937 ap.
919 1892 1139 1937 Harpocrat.
1165 1897 1205 1930 in
1223 1896 1424 1944 ἐπιλαχών,

108 1951 162 1984 ita
172 1951 330 1996 accepit,
358 1951 462 1996 quasi
472 1951 728 1985 indicarentur
750 1952 790 1994 ii,
819 1952 950 1997 quibus
967 1955 1190 1997 permissum
1214 1966 1324 2003 esset,
1349 1973 1428 1998 ma-

106 2009 284 2053 gistratus
309 2020 468 2054 capere,
496 2024 581 2046 etun
605 2013 631 2045 ii
654 2012 778 2056 potius
805 2012 1070 2057 designentur,
1107 2017 1170 2061 qui
1194 2025 1327 2062 petant
1350 2033 1429 2057 ma-

106 2069 326 2114 gistratum,
352 2072 416 2115 qui
435 2073 587 2117 cupiant
599 2072 860 2116 magistratum
877 2084 1023 2117 capere.
1072 2076 1176 2111 Haec
1202 2079 1301 2113 eni-m
1324 2082 1427 2116 verbi

107 2129 280 2176 ἐφίεσθαι
303 2131 354 2164 vis
380 2133 439 2166 cui
472 2133 600 2178 ignota
629 2133 711 2167 est?

154 2216 214 2257 81)
240 2215 411 2249 Aeschin.
439 2215 484 2250 de
509 2216 602 2250 falsa
626 2217 700 2262 leg.
726 2229 762 2262 p.
790 2228 866 2263 271.
892 2218 1088 2253 Demosth.
1124 2220 1158 2257 d.
1183 2223 1209 2257 f.
1237 2224 1261 2257 1.
1283 2238 1319 2270 p,
1346 2239 1424 2275 379,

109 2275 167 2308 Cf.
194 2275 482 2321 Harpocration.
507 2277 546 2309 in
571 2275 752 2322 ἐξωμοσία
776 2284 814 2312 et
838 2278 891 2312 ibi
915 2279 1038 2314 VaJeS.
1065 2282 1207 2318 Pouuc.
1234 2286 1339 2322 VIII.
1365 2300 1421 2334 55.

154 2359 214 2402 82)
239 2359 350 2392 Petit.
378 2361 493 2405 Legg.
523 2362 596 2394 Att.
623 2373 659 2406 p.
695 2362 772 2406 306.
799 2374 854 2408 sq.

155 2427 215 2472 83)
244 2427 348 2462 Orat.
374 2428 413 2462 in
438 2429 625 2474 Aristogit.
653 2430 682 2464 Ι.
716 2442 752 2475 p.
785 2444 863 2478 779.
889 2450 935 2460 --
959 2435 995 2468 εἶ’
1023 2446 1077 2470 τις
1101 2436 1197 2473 εἴποι
1226 2457 1269 2464 —
1293 2437 1427 2482 ἐξεῖναι

111 2486 227 2533 λέγειν
249 2508 295 2513 —
317 2490 394 2525 τοῖς
417 2486 834 2535 ἀποδεδοκιμασμένοις,
868 2491 989 2537 ἄρχειν
1022 2495 1210 2540 λαχοῦσιν,
1249 2499 1310 2532 uhi
1334 2500 1427 2535 illud

113 2544 283 2588 λαχοῦσιν
307 2558 383 2580 non
407 2548 618 2592 urgendum
643 2555 710 2583 est.
760 2553 853 2586 Sunt
889 2554 990 2588 enim
1014 2553 1055 2590 οἶ
1081 2555 1252 2600 λαχόντες
1285 2572 1427 2605 omnes,

115 2607 245 2653 quihus
272 2607 508 2653 magistratus
519 2609 710 2657 obtigerit,
734 2611 810 2647 sive
835 2615 967 2660 populi
993 2616 1194 2663 suffragiis,
1220 2619 1301 2655 sive
1326 2629 1426 2657 sorte
