1706 3058
240 196 294 240 81

244 304 451 348 dionidis.
513 308 729 360 Quartum
751 315 930 359 quoque
954 303 1106 345 afferre
1127 315 1341 360 possume
1365 304 1565 347 Corsinii

243 373 612 431 Inscriptionibus
633 373 801 421 Atticis,
816 389 859 430 p.
875 376 1080 418 XXXVII.
1107 376 1159 415 ab
1182 375 1340 415 eodem
1361 372 1460 416 viro
1487 377 1563 418 do·

241 444 442 488 ctissimo
458 445 566 485 mihi
583 444 981 493 communicatum,
1005 446 1463 487 SenatusConsuItum
1473 446 1566 504 qui-

243 517 368 562 dem,
403 518 476 556 sed
510 527 658 558 tamen
689 531 781 558 non
812 515 1009 557 alienum
1041 517 1222 556 fortasse
1253 517 1305 556 ab
1335 517 1420 558 hoc
1450 517 1565 564 loco,

243 586 477 642 quoniam,
505 588 581 644 qui
605 587 652 629 in
676 591 841 630 Senatu
863 590 1120 642 ἐπιψηφίζει,
1153 589 1265 627 hanc
1290 586 1337 627 in
1355 586 1567 630 Comitiis

245 672 422 713 quoque
442 661 598 700 eodem
621 673 805 700 munere
827 658 967 714 fungi,
999 668 1349 712 consentaneum
1383 669 1462 701 est.
1561 659 1564 662 ’

331 731 428 765 BH!
446 729 723 766 AmN-TJ'IOY
746 733 1022 764 ΑΡΧΟΝΤΟΣ
1053 731 1294 765 TOYMETA

333 791 661 825 ΠΑΡΑΜΟΝΟΝ
680 792 880 824 ΕΠΙΤΙΙΣ
899 791 1185 824 ΛΙΑΝΤΙΔΟΣ
1208 789 1238 823 Ε

336 853 549 884 ΒΔΟΜΙΙΣ
567 851 902 884 ΙΙΙἿΊἈΝΕΙΛΣ
923 850 1171 883 HAAMJOAE
1195 852 1355 885 TJMOT

335 914 406 944 Ao
414 913 442 944 Γ
463 911 642 945 ΡΛΜΝΟ
652 912 796 944 ΤΣΙΟΣ
817 908 1037 943 EI'PAMM
1037 910 1073 943 A
1079 911 1141 942 TE
1145 910 1281 943 YEEN
1300 911 1371 944 ΓΑ

337 970 839 1005 ᾹΙΙΙΙΛΙΩΝΟΣΟΙἉΟΗΙΣ
862 970 1106 1003 ΤΛΣΙΙΕΝΟΥ
1135 970 1184 1001 01
1193 972 1303 1005 'AOH
1334 972 1438 1006 ΤΗΣ

335 1031 671 1064 ΙΙΡΥΤΑΝΕΙΑΣ
691 1032 755 1062 ΒΟ
763 1030 941 1063 ΥΛῙῙΕΝ
968 1030 1079 1061 ΒΟῪ-
1089 1028 1174 1061 OE'P

338 1091 495 1125 2111'15.)
525 1091 627 1123 ΤΩΝ
645 1089 918 1122 ΠΡΟΕΔΡΩΝ
935 1090 1287 1137 ΕΠΕἸἸΙΦΙΣΕΝῘ

337 1149 474 1185 ΣΤΡΛ
481 1149 660 1183 ΤΟΦΩΝ
680 1151 812 1183 ΣΤΡΑ
823 1149 843 1179 7
853 1150 882 1181 0
891 1149 1097 1182 ΚΛΕΟΤΣ
1115 1151 1281 1184 ΣΟΤΝΙ
1305 1182 1311 1188 ,

335 1212 437 1246 ET}
459 1211 560 1244 ΚΑΙ
580 1211 636 1243 ΟΙ
656 1208 1022 1242 ΣΤΝΙΙΡΟΕΔΡΟΙ.

248 1270 337 1315 Hic
368 1282 547 1325 quoque
578 1268 822 1313 Proedrus,
855 1265 1112 1321 Suniensis,
1154 1267 1294 1311 tribus
1325 1268 1574 1326 Leontidis,

248 1343 449 1385 diversus
480 1348 543 1380 est
573 1352 597 1378 a
627 1335 914 1388 Prytanibus‚
946 1335 1024 1391 qui
1057 1349 1161 1379 sunt
1194 1354 1216 1381 e
1248 1340 1369 1382 tribu
1398 1343 1575 1386 Aeanti-

247 1416 316 1458 de,
375 1413 516 1466 Atque
555 1410 684 1464 plura
722 1405 820 1448 sine
861 1406 1000 1448 dubio
1034 1410 1234 1465 exempla
1265 1410 1414 1453 afferri
1442 1424 1575 1468 pote-

247 1495 355 1527 runt
384 1484 437 1523 ab
470 1480 552 1534 iis,
587 1478 753 1535 quibus
795 1478 944 1532 plures
985 1479 1304 1535 Inscriptiones
1344 1485 1574 1527 consulere

249 1555 369 1598 licet.
427 1552 654 1607 Equidem
686 1563 743 1589 ne
777 1549 1017 1588 Gruterum
1048 1549 1229 1605 quidem
1270 1549 1429 1594 habeo.
1488 1547 1576 1596 sed

249 1627 362 1685 quid
400 1621 658 1666 faciendum
700 1618 785 1660 erit
813 1617 881 1659 his
919 1619 1152 1666 Proedris?
1212 1623 1328 1665 Cum
1356 1625 1411 1665 ab
1441 1624 1576 1667 Anti..

248 1694 456 1756 phontis,
498 1688 780 1744 Thucydidis
812 1689 1108 1746 omniumque
1139 1691 1321 1735 illorum
1354 1707 1577 1751 veterum,·

251 1782 364 1827 quos
395 1762 554 1811 citavi,
585 1759 849 1803 auctoritate
879 1763 1080 1803 recedere
1110 1777 1203 1804 non
1233 1764 1470 1820 possimuS‚
1501 1784 1577 1810 ne·

252 1854 340 1897 que
370 1848 518 1878 tamen
557 1832 914 1889 Psephismatnm
952 1831 1135 1875 illorum
1167 1849 1435 1878 consensum
1466 1851 1577 1879 con·

254 1921 452 1952 temnere
481 1905 633 1952 liceat,
664 1903 777 1944 nihil
809 1903 929 1944 aliud
958 1905 1159 1958 profecto
1191 1917 1351 1948 restare
1381 1907 1574 1957 videtur,

253 1979 343 2023 nisi
373 1989 425 2019 ut
454 1988 720 2028 statuamus,
759 1986 973 2016 novatum
1015 1990 1106 2016 esse
1135 1975 1325 2032 posteris
1358 1962 1579 2035 tempori-

254 2055 337 2095 bus
367 2050 416 2091 in
445 2050 743 2091 Ptoedrorum
773 2046 962 2099 officiis,
992 2061 1042 2088 ac
1071 2061 1236 2089 novem
1273 2050 1578 2092 non-contri·

256 2123 437 2168 bulibus
469 2118 678 2161 attributa
709 2119 921 2175 quaedam
953 2132 1005 2158 ex
1035 2116 1108 2169 iis,
1139 2132 1249 2173 quae
1282 2118 1389 2161 olim
1420 2121 1476 2162 ad
1501 2111 1576 2163 δε·

256 2210 358 2239 cem
387 2191 685 2239 contribules,
725 2189 820 2231 sive
851 2191 1061 2242 Prytanes
1092 2188 1358 2244 pertinuisse
1387 2202 1576 2235 constat.

256 2269 318 2310 -Et
347 2279 452 2307 sane
485 2259 639 2303 omnia
670 2259 745 2301 illa
774 2259 1080 2315 Psephismata
1122 2272 1227 2316 post
1269 2262 1578 2318 Olympiadem

258 2338 456 2387 CXVIII,
487 2330 725 2374 duodecim
756 2330 954 2373 tribuum
985 2342 1122 2373 aetate
1155 2330 1318 2387 scripta
1353 2338 1479 2380 sunt,'
1501 2344 1578 2374 ne·

259 2422 350 2465 que
380 2408 433 2447 de
462 2405 532 2446 his
564 2401 852 2459 temporibus,
883 2417 1073 2458 quorum
1103 2401 1305 2444 instituta
1325 2402 1578 2459 aequalium

261 2477 528 2533 scriptorum
570 2472 842 2514 testimoniis
881 2473 1138 2514 illustranda
1167 2483 1296 2527 sunt,
1335 2471 1578 2531 quidquam

256 2565 314 2601 *ex
345 2547 434 2590 illis
465 2543 629 2597 conjici
660 2555 817 2600 potest.

348 2621 434 2663 Sed
462 2622 549 2670 jam
576 2615 779 2657 Proedris
810 2614 904 2658 istis
943 2614 1406 2659 non-contribulibus
1434 2616 1488 2658 ab
1519 2613 1580 2656 il-

265 2695 308 2733 lo
338 2698 413 2735 τοῦ
451 2691 697 2745 χρηματίζειν
737 2690 806 2730 καὶ
845 2689 1105 2742 ἐπιψηφίζειν
1147 2702 1333 2729 munere
1370 2685 1577 2736 exclusis.

262 2763 482 2819 reliquum
514 2773 601 2808 est,
647 2771 693 2801 ut
733 2773 1015 2815 quaeramus,
1065 2774 1194 2815 quem
1240 2757 1284 2798 in
1326 2772 1458 2798 usum
1500 2756 1575 2798 isti
