1706 3058
212 165 268 211 86

216 289 319 338 post
339 277 574 338 sigonium
596 261 648 319 die
667 274 813 319 Attica
844 271 1071 336 republica
1093 273 1378 333 scripserunt.
1437 262 1543 317 tirn-

215 348 336 394 'mius
347 355 386 407 ⁹)
411 351 592 407 quidem
610 351 739 405 plane
765 347 814 388 in
837 346 1007 405 Sigonii
1033 346 1301 391 sententiam
1324 344 1543 392 discedit}

216 418 391 465 Petitus
407 424 477 475 ¹0)
511 425 598 463 hoc
615 435 707 462 uno
734 435 757 463 a
781 417 966 476 Sigonio
990 417 1219 467 dissentit,
1257 417 1383 475 quod'
1410 415 1546 458 etiam

217 480 495 534 'contribules
517 492 732 534 Proedros
760 487 980 546 agnoscit,
1012 500 1055 531 et
1074 500 1193 530 recte
1229 488 1346 529 inter
1366 476 1549 528 utrum'-

220 575 309 616 que
327 576 461 617 genus
484 561 743 619 distinguit3
778 561 897 617 quod
928 570 1075 601 tamen
1107 565 1192 612 jain
1221 569 1320 600 ante
1348 556 1550 600 Petitum

220 625 394 675 factum
416 645 506 676 erat
533 649 555 675 a
574 632 876 683 Petavio¹¹)‚
907 630 983 686 qui
1011 630 1202 687 proinde
1237 631 1358 673 haud
1388 629 1552 673 imme-

220 701 312 747 1ito
330 705 588 759 profitetur,
633 719 679 745 se
697 703 895 761 primum
928 704 1011 744 hac
1043 701 1091 743 in
1116 718 1162 744 re
1184 718 1340 744 verum
1361 699 1553 752 vidisse3

218 783 418 816 ceterum
441 778 486 819 in
510 791 560 817 eo
585 787 772 829 uterque
794 787 897 814 cum
909 772 1093 829 Sigonio
1106 774 1409 821 consentiunt,
1432 772 1550 833 quod

222 857 404 888 omnem
424 847 473 888 in
501 845 699 889 comitiis
733 843 1010 886 curationem
1029 842 1554 899 administrationemqusse

220 914 274 955 in
294 918 410 959 solos
420 920 634 961 Proedros
658 931 775 958 non-
791 915 1060 958 contribules
1081 916 1336 967 conferunt,
1378 912 1554 957 contri-

224 987 352 1030 hules
384 1001 531 1030 autem
556 999 824 1046 spectatores
849 985 1015 1028 otiosos
1038 986 1224 1029 faciunt.
1285 989 1432 1042 Quam
1455 999 1558 1026 sen-

226 1059 419 1102 sentiam
442 1059 714 1102 recentiores
737 1057 982 1100 Atticarum
1016 1058 1332 1114 antiquitatum
1364 1056 1557 1114 scripto-

226 1145 321 1178 res,
358 1133 589 1178 Potterus,
622 1128 782 1171 Bosius
802 1132 873 1179 ¹²)
903 1129 1098 1185 aliique,
1138 1129 1235 1171 sine
1258 1131 1345 1171 ulla
1379 1129 1561 1171 dubita-

224 1200 353 1243 tione
384 1201 527 1244 secuti
550 1213 679 1250 sunt,
729 1200 814 1243 nisi
847 1201 967 1258 quod
1004 1199 1070 1241 illi
1105 1203 1193 1242 duo
1231 1187 1560 1242 contribulium

224 1264 533 1316 ⁵Proedrorum
546 1274 711 1314 nullam
733 1286 912 1328 prorsus
928 1271 1205 1313 mentionem
1224 1271 1417 1321 faciunt3
1439 1269 1562 1324 iudi..

227 1341 361 1385 cione
385 1359 440 1385 an
463 1344 750 1400 negligentia,
771 1343 890 1384 haud
904 1356 1007 1382 sane
1028 1342 1272 1392 affirmem;
1305 1339 1562 1398 ceteroquin

228 1404 345 1456 tanti
369 1416 482 1467 apud
503 1416 600 1456 illos
622 1430 713 1458 esse
738 1417 850 1456 solet
869 1412 1006 1456 Petiti
1028 1412 1290 1462 auctoritas,
1323 1423 1374 1455 ut
1398 1411 1446 1453 in
1469 1416 1563 1465 eius

231 1485 410 1541 placitis
432 1501 605 1542 semper
627 1487 717 1528 fere
737 1485 1035 1542 acquiescant.

321 1556 499 1599 Primus
531 1556 760 1598 Corsinius
780 1562 793 1581 ¹
810 1560 852 1606 ³)
883 1570 976 1596 rem
1000 1553 1247 1595 accuratius
1265 1555 1565 1610 quaerendam

233 1622 377 1676 ratus,
411 1629 466 1670 ad
496 1627 614 1684 ipsos
650 1639 820 1668 veteres
856 1625 989 1667 rediit
1025 1638 1267 1680 eorumque
1307 1622 1565 1667 testimonia

232 1698 482 1748 consuluit,
514 1713 661 1753 neque
684 1709 832 1738 tamen
855 1697 906 1736 ad
923 1695 1158 1737 veritatem
1185 1695 1408 1751 pervenit.
1450 1698 1566 1738 Nam

236 1756 345 1810 cum
378 1768 484 1810 alios
515 1779 715 1809 veterum
743 1768 890 1817 locos,
921 1765 997 1821 qui
1030 1768 1118 1807 huc
1154 1765 1403 1820 pertinent,
1430 1768 1567 1822 plane

230 1839 506 1897 neglexerit,
540 1839 649 1880 alios
682 1852 776 1881 non
796 1835 897 1876 satis
929 1847 1044 1876 recte
1067 1847 1110 1876 et
1131 1835 1356 1878 subtiliter
1376 1852 1571 1893 perpen-

239 1910 356 1952 derit
378 1922 421 1952 et
443 1907 702 1966 explicarit,
734 1908 901 1948 factum
935 1917 1026 1954 est,
1071 1917 1121 1947 ut
1155 1905 1205 1946 in
1235 1909 1428 1954 eundem
1468 1922 1571 1949 cum

232 1979 390 2023 Petito
431 1995 623 2022 errorem
665 1995 688 2020 a
735 1975 1043 2021 Grammaticis
1082 1975 1394 2027 induceretur,
1439 1989 1571 2034 atque

240 2053 361 2093 solos
375 2053 591 2094 Proedros
612 2064 704 2092 non
729 2047 1001 2090 contribules
1034 2047 1324 2090 comitiorum
1356 2050 1574 2090 consulta-

232 2120 386 2163 'tiones
423 2123 676 2164 moderatos
710 2134 802 2165 esse
829 2119 1139 2177 populumque
1166 2117 1216 2162 in
1247 2119 1454 2177 suffragia
1484 2119 1574 2162 mi-

243 2191 354 2234 sisse
386 2203 612 2237 statueret.
1152 2191 1154 2193 ¹

287 2318 326 2365 9)
354 2310 411 2352 De
429 2320 523 2364 Rep.
548 2318 634 2353 Ath.
661 2330 698 2364 p.
719 2330 764 2364 40
784 2313 822 2354 et
838 2330 874 2364 p.
892 2330 948 2365 49.
979 2316 1049 2352 ed.'
1068 2317 1226 2353 Elzevir.

262 2401 348 2449 lio)
369 2401 478 2434 Petit.
500 2402 581 2436 Lib.
608 2404 677 2437 III.
700 2403 757 2436 tit.
782 2415 811 2436 1.
835 2413 870 2447 p.
894 2413 971 2447 271.

289 2467 345 2511 ιι)
372 2470 495 2503 Pean.
519 2472 578 2504 De
600 2471 770 2504 Doctrin.
791 2471 922 2514 Temp.
948 2469 1026 2503 Lib.
1052 2471 1101 2505 Π.
1127 2482 1161 2504 c.
1189 2482 1216 2504 1.
1240 2481 1276 2515 p.
1297 2482 1355 2516 47.

290 2538 346 2580 12)
377 2538 517 2571 Potior.
549 2539 796 2584 Archacolog.
823 2538 956 2572 Graec.
980 2538 1061 2571 Lib.
1092 2539 1122 2572 Ι.
1143 2550 1175 2572 c.
1216 2550 1267 2584 ¹7·
1299 2550 1333 2583 p.
1370 2549 1446 2584 192.
1476 2542 1515 2572 et
1542 2548 1576 2572 c.

240 2601 295 2636 18.
318 2609 355 2642 p.
380 2609 456 2632 202.
479 2610 573 2631 vers.
602 2600 732 2634 Germ.
753 2620 799 2627 —
847 2599 1077 2634 LambAEos.
1102 2600 1186 2634 Ant.
1223 2599 1358 2634 Graec.
1379 2599 1419 2634 P.
1439 2610 1471 2636 2.
1493 2609 1525 2632 c.
1543 2597 1577 2632 6.

283 2667 339 2711 15)
362 2667 457 2700 fast.
478 2668 552 2701 Att.
581 2667 680 2703 Diss.
709 2670 773 2703 VI.
