1706 3058
285 121 362 147 2⁷‘2

316 148 320 155 1

283 213 440 271 populi
472 219 615 265 jussu,
657 214 732 255 sed
762 214 896 254 modo
928 215 1111 262 eodem,
1154 227 1243 269 quo
1275 213 1331 253 ad
1361 210 1602 254 ordinarias

281 285 386 328 istas
416 299 677 340 annuasque
715 286 864 339 legum
910 283 1190 327 recensiones
1221 282 1359 324 creari
1391 285 1603 325 solebant.

279 362 488 402 Poterant
517 354 638 396 enim
670 354 888 406 ejusmodi
920 370 1043 397 casus
1075 355 1293 402 incidere,
1335 352 1413 410 qui
1450 351 1605 409 legiti-

281 445 406 472 mum
460 427 755 467 tollendarnm
805 428 1177 482 fcrendarumque
1225 427 1373 481 legum
1427 434 1604 478 tempu·

281 496 497 555 expectari
540 511 632 538 non
674 507 938 551 paterentur.
1003 501 1179 553 Itaque,
1225 496 1260 537 si
1294 494 1394 550 quis
1425 493 1603 537 Solonis

281 570 480 611 instituta
513 567 702 623 migrare
733 571 1035 624 populumque
1073 573 1167 619 ejus
1199 567 1258 608 rci
1289 566 1503 607 arbitrum
1538 566 1606 605 fa-

279 657 377 683 cere
407 642 566 687 nollet,
599 638 703 679 huic
733 638 796 678 nil
830 638 950 678 aliud
981 638 1203 694 reliquum
1225 649 1327 685 erat,
1360 652 1490 692 quam
1516 638 1605 678 No·-

276 715 498 754 mothetas
543 708 893 750 extraordinario
933 720 1130 765 tempore
1170 709 1384 751 creandos
1425 719 1602 762 rogare;

277 784 534 837 factumque
565 779 611 821 id
642 780 880 836 aliqnando
913 794 1018 829 esse,
1052 780 1224 821 etiamsi
1255 779 1452 833 exempla
1483 777 1605 817 nuHa

277 853 422 895 afferri
454 862 664 907 possunt,
696 851 792 906 quis
825 862 914 901 est,
946 852 1023 907 qui
1053 848 1503 906 negareaudeatwss
1597 831 1615 899 f

270 920 271 925 Ἰ
362 928 536 972 Restat,
578 933 628 963 ut
673 923 726 962 de
771 929 915 978 γραφῇ
953 923 1223 978 παρανόμων,
1266 935 1378 976 quae
1420 933 1514 960 non
1556 917 1604 959 in

276 995 590 1051 Psephismatis
630 1003 826 1039 tantum,
876 994 951 1033 sed
1003 992 1137 1034 etiam
1188 993 1236 1033 in
1277 991 1451 1048 legibus
1489 990 1608 1031 male

275 1064 440 1123 rogatis
482 1065 634 1106 locum
675 1062 856 1111 habuit,
912 1066 1124 1120 quaedam
1167 1065 1382 1105 dicantur.
1464 1065 1607 1103 Erant

278 1148 427 1179 autem
461 1135 531 1176 hic
572 1148 750 1190 quoque
790 1135 880 1175 duo
911 1135 1162 1191 παρανόμων
1195 1147 1376 1191 genera,
1416 1133 1606 1174 alterum

274 1208 323 1250 in
366 1205 550 1262 rogandi
591 1215 634 1246 et
667 1203 836 1246 ferendi
868 1207 1027 1255 modo,
1066 1208 1252 1246 alterum
1288 1205 1334 1245 in
1366 1203 1464 1259 ipso
1496 1201 1606 1260 legis

275 1288 538 1334 argumento
568 1276 785 1332 positum.
846 1278 958 1317 llluc
991 1275 1273 1331 pertinebant
1313 1277 1422 1315 haec
1461 1273 1607 1317 maxi-

271 1366 368 1395 me:
411 1347 448 1389 si
481 1345 581 1403 quis
613 1361 707 1388 non
750 1360 832 1388 suo
866 1357 1068 1401 tempore
1097 1348 1242 1401 legem
1274 1344 1472 1394 tulisset,
1511 1361 1606 1387 non

271 1417 573 1478 proposuisset
602 1429 703 1460 ante
733 1421 1072 1474 Eponymorum
1110 1427 1296 1464 statuaS,
1338 1431 1431 1458 non
1472 1431 1606 1474 expe-

270 1501 433 1532 ctasset
470 1487 646 1531 tertiam
699 1486 1107 1531 Hecatombaeonis
1149 1489 1312 1540 mensis
1355 1487 1603 1538 ecclesiam,

273 1573 374 1604 ante
407 1574 543 1617 quam
573 1562 865 1602 Nomothetas
899 1557 1118 1602 constitui
1150 1573 1243 1599 non
1274 1557 1436 1616 licuit‘„
1456 1559 1504 1600 in
1533 1573 1603 1602 co·

271 1632 438 1681 mitiis,
471 1646 564 1672 non
596 1632 715 1688 apud
741 1634 1031 1674 Nomothetas
1063 1631 1206 1685 legem
1236 1630 1500 1686 pertulisset,
1533 1632 1604 1674 de-

269 1706 407 1761 nique
437 1705 577 1745 unam
608 1716 659 1742 ex
690 1701 768 1749 iis,
802 1717 911 1758 quae
942 1716 1073 1758 supra
1103 1701 1325 1757 expositae
1355 1713 1478 1751 sunt,
1511 1717 1608 1744 san·

272 1774 500 1818 ctionibus
547 1772 890 1827 neglexisset⁵¹).
981 1774 1067 1814 Sed
1099 1783 1224 1813 erant
1272 1785 1496 1827 praeterea
1549 1776 1605 1816 de

317 1902 378 1946 50)
404 1901 489 1932 Huc
521 1897 715 1942 pertinere
747 1897 899 1932 videtur
922 1898 1193 1932 Demosthenis
1217 1910 1294 1932 non
1320 1899 1473 1945 quidem
1505 1901 1604 1943 justa

270 1960 432 2007 rogatio,
458 1958 526 1992 sed
550 1958 752 1992 consilium
776 1964 904 1993 tamen
925 1960 1065 2003 populo
1092 1961 1232 2001 datum,
1259 1970 1312 1993 or.
1343 1960 1500 2004 Olynth.
1528 1962 1599 1995 111.

269 2035 306 2069 p.
333 2034 388 2067 3¹·
416 2020 639 2063 Νομοθέτας
662 2020 877 2053 καθίστατε.
903 2019 941 2054 ἐν
967 2018 1004 2054 δὲ
1027 2017 1169 2054 τούτοις
1192 2022 1270 2055 τοῖς
1288 2023 1526 2064 Νομοθέταις
1549 2020 1602 2066 μή

271 2082 398 2127 θῆσθε
428 2077 546 2123 νόμον
581 2075 742 2122 μηδένα·
778 2076 847 2114 εἶσὶ
872 2079 941 2125 γάρ
967 2076 1054 2125 ὖμῗν
1078 2076 1222 2114 ἱκανοί·
1257 2076 1352 2113 dud
1375 2079 1458 2115 τοῦς
1481 2078 1531 2115 εἷς
1547 2080 1603 2121 ,τᾶ

270 2142 396 2188 παρόν
406 2138 640 2186 βλάπτοντας
657 2133 748 2181 ὗμᾶς
765 2135 896 2174 λύσατε
908 2150 916 2158 ·
941 2139 1030 2185 λέγω
1042 2137 1080 2174 δὲ
1089 2137 1170 2176 τούς
1193 2143 1279 2184 περὶ
1297 2138 1373 2174 ’τῶν
1390 2137 1598 2185 θεωρικῶν,

271 2202 393 2248 σαφῶς
419 2198 569 2240 οὑτωσὶ,
595 2202 656 2233 καὶ
681 2197 765 2233 τούς
782 2204 867 2244 περὶ
890 2198 965 2235 τῶν
987 2202 1284 2244 στρατευομένων
1307 2197 1432 2236 ἐνίους.
1480 2199 1520 2233 Si
1543 2199 1600 2234 le·

268 2265 440 2311 gitimam
482 2267 594 2305 atque
637 2258 866 2293 ordinariam
909 2259 1226 2294 Nomothetarum
1265 2259 1497 2292 creationem
1529 2259 1598 2293 sub

269 2327 359 2361 anni
409 2323 562 2358 initium
601 2319 799 2365 designare
847 2319 1049 2363 voluisset,
1105 2318 1238 2360 aliter,
1289 2324 1402 2362 puto,
1448 2318 1598 2353 locutus

268 2393 381 2422 esset.

315 2456 376 2500 5¹)
403 2451 488 2486 Vid.
518 2450 715 2485 Demosth.
751 2452 791 2484 in
825 2450 1026 2483 Timocrat.
1060 2462 1097 2495 p.
1123 2458 1203 2496 705.
1228 2461 1306 2495 7⁰7-
1335 2453 1413 2495 708.
1441 2454 1481 2482 et
1504 2448 1597 2482 alibi

267 2516 418 2563 passim.
476 2514 581 2546 Haec
615 2511 716 2544 enim
748 2509 866 2543 oratio
901 2511 1124 2555 praecipuus
1159 2515 1216 2544 est
1247 2509 1359 2552 hujus
1386 2509 1501 2543 totius
1535 2508 1595 2543 rei

266 2572 551 2622 cognoscendae
575 2571 671 2606 fons.
731 2570 857 2604 Etiam
890 2570 1073 2614 Leptinen
1096 2572 1169 2606 hue
1193 2572 1384 2616 pertinet,
1422 2581 1459 2614 p.
1493 2574 1589 2613 485„

267 2648 313 2671 ex
338 2646 412 2682 quo
437 2634 523 2669 loco
547 2638 671 2678 patet,
697 2632 898 2678 Leptinem
922 2633 1068 2677 ipsum,
1107 2637 1239 2666 contra
1269 2629 1418 2666 solonis
1440 2627 1589 2664 institu-
