1706 3058
268 119 352 164 216*

262 227 467 282 judiciis,
506 242 637 286 quae,
679 241 783 269 cum
813 243 859 271 re
887 244 990 272 vera
1019 229 1220 282 judicum
1257 243 1486 273 consessus
1515 244 1585 274 es-

266 310 389 347 sent.
439 297 594 355 populi
635 310 782 340 tamen
821 299 1002 343 comitia
1047 299 1325 350 dicerentur,
1373 304 1584 355 Prytanes

267 369 449 426 quidem
493 372 764 426 εἰσαγωγέων,
805 371 1070 427 eosdemque
1103 371 1236 413 etiam
1263 367 1584 413 'accusatorum

264 454 448 482 munere
480 440 653 484 functos
683 456 798 489 esse,
829 441 1075 497 praesidere
1107 453 1255 484 autem
1285 455 1374 483 non
1406 441 1587 497 potuis-

265 524 332 557 se,
374 511 451 550 sed
481 525 644 553 novem
675 511 774 555 istis
812 512 1017 555 Proedris
1048 514 1146 556 loco
1179 515 1334 555 cedere
1365 510 1586 555 debuisse.

270 579 346 620 Ita'
360 580 510 622 omnia
541 582 714 638 optime
746 594 950 625 constare
982 585 1257 626 videbantur.
1289 607 1345 617 -·
1403 584 1503 631 Sed,
1536 595 1587 625 ut

265 664 316 691 ea
346 661 518 693 tantum
548 655 634 693 hoc
663 655 763 696 loco
789 653 1009 705 dicamus,
1040 669 1151 710 quae
1180 654 1406 710 superiore
1436 666 1588 697 nostra

265 719 573 776 disputatione
604 737 694 764 non
726 724 1031 772 continentur,
1071 723 1268 780 primum
1310 724 1472 767 Suidae
1514 725 1588 766 ille

265 793 321 832 de
354 792 561 848 Epistatis
594 795 716 836 locus
747 809 836 836 non
863 793 1012 836 minus
1037 796 1090 836 ad
1115 794 1317 851 quamvis
1342 794 1473 836 aliam
1493 811 1590 837 rem-

263 857 314 899 in
345 862 542 905 comitiis
574 875 825 922 tractatam,-
863 880 996 921 quam
1027 868 1081 907 ad
1113 870 1358 924 εἰσαγγελίαν
1378 865 1588 922 pertinet.

264 931 442 993 {Etenim
475 946 598 977 antea
628 940 716 988 jam
758 935 1164 988 demonstravi¹²⁶),
1205 939 1323 993 apud
1362 936 1588 993 sequiores

266 1003 617 1055 Grammaticos,
657 1008 733 1063 qui
763 1021 908 1062 neque
939 1018 1136 1063 tempora
1167 1007 1589 1064 satiQdistinguere,

265 1081 309 1112 et
340 1073 563 1131 quidquid
595 1076 812 1126 occurrit,
850 1077 1106 1133 promiscue
1145 1079 1388 1135 compilare
1427 1081 1586 1129 solent,

261 1142 328 1184 nil
361 1145 638 1201 frequentius
660 1163 763 1198 esse,
793 1163 925 1204 quam
957 1148 1245 1191 comitiorum
1267 1165 1368 1191 cum
1393 1149 1587 1205 judiciis,

261 1217 559 1271 ἐκκλησιαστῶν
599 1233 702 1260 cum
746 1218 954 1261 Heliastis
995 1220 1420 1270 commutationem,
1460 1225 1588 1275 cujus

263 1287 635 1330 commutationis
667 1292 776 1331 haec
806 1301 869 1331 est
900 1304 1050 1340 causa,
1081 1292 1201 1346 quod
1230 1291 1464 1347 postremis
1495 1292 1590 1334 rei-

262 1357 468 1413 publicae
509 1358 808 1415 temporibus,
855 1362 1085 1418 pleraeque
1125 1376 1280 1404 causae
1326 1362 1589 1415 judiciariae

261 1431 414 1484 paullo
445 1430 669 1487 graviores
700 1433 754 1473 ad
782 1433 1000 1488 populum
1032 1433 1305 1481 ferebantur,
1349 1434 1589 1492 omnisque

261 1499 552 1543 comitiorum
583 1513 791 1558 potesta-«3,
824 1503 961 1544 fracto
981 1503 1168 1544 civitatis
1199 1505 1355 1564 robore
1385 1516 1431 1547 et
1459 1504 1589 1548 amis-

262 1585 308 1612 sa
348 1571 527 1628 imperii
570 1571 900 1629 magnitudine,
949 1572 999 1614 in
1040 1574 1107 1615 his
1148 1574 1290 1616 causis
1332 1573 1588 1629 judicandis

263 1645 533 1686 versabatur.
590 1647 745 1699 Itaque
776 1647 892 1698 δίκην
923 1646 967 1686 h.
997 1646 1025 1686 l.
1057 1643 1214 1687 Suidas
1237 1645 1360 1695 dixit,
1391 1645 1587 1702 speciem

266 1727 345 1768 pro
378 1729 556 1770 genere,
596 1729 740 1756 unum
785 1713 965 1770 aliquod
1003 1727 1046 1757 et
1084 1715 1372 1772 praecipuum
1405 1717 1587 1774 quidem

264 1784 497 1840 negotium
528 1799 606 1837 pro
637 1784 792 1841 quavis
823 1799 869 1826 re
899 1784 948 1826 in
980 1785 1178 1827 comitiis
1221 1800 1244 1828 a
1283 1790 1454 1844 populo
1497 1798 1588 1831 tra-

267 1853 378 1894 ctari
408 1855 565 1904 solita3
610 1869 754 1912 neque
785 1860 968 1901 δικασταί
996 1860 1039 1899 h.
1071 1857 1098 1897 l.
1131 1855 1208 1897 alii
1237 1869 1338 1900 sunt
1368 1873 1500 1915 quam
1524 1862 1586 1904 ἕκ-

265 1930 510 1979 mammam&
570 1930 635 1969 Ex
666 1940 756 1983 quo
787 1938 975 1984 apparet,
1009 1929 1112 1968 falsa
1145 1942 1251 1977 esse,
1284 1944 1395 1985 quae
1426 1931 1478 1972 de
1507 1944 1586 1973 no-

267 2011 368 2038 vem
398 1999 724 2054 Proedrorum,
765 1997 813 2039 in
843 1997 911 2038 his
942 1996 1175 2053 praecipue
1205 1999 1384 2050 judiciis
1415 2001 1584 2058 populi,

265 2076 493 2123 tamquam
531 2070 734 2123 judicum
774 2079 891 2111 extra
930 2078 1074 2123 partes
1113 2068 1387 2124 positorum,
1433 2072 1585 2116 officio

266 2138 549 2195 disputantur
578 2156 600 2183 a
630 2139 839 2183 Luzacio.
911 2142 1004 2180 Jam
1048 2137 1175 2180 illum
1206 2141 1391 2184 alterum
1421 2142 1584 2189 Suidae

266 2209 439 2260 locum,
483 2213 538 2253 de
581 2215 825 2270 εἰσαγγελίᾳ,
867 2224 969 2251 cum
1002 2209 1088 2251 isto
1130 2209 1275 2266 priore
1304 2227 1586 2269 nequaquam

266 2283 632 2338 conjungendum
657 2297 752 2324 esse
774 2293 962 2338 apparet.
1002 2280 1261 2323 Meminisse
1282 2293 1467 2337 oportet,
1488 2285 1599 2339 ple--

266 2367 423 2408 rasque
457 2357 700 2410 εἰσαγγελίας
729 2352 926 2410 primum
956 2352 1010 2392 ad
1040 2354 1249 2394 Senatum
1282 2351 1446 2394 deferri
1476 2353 1585 2395 soli-

268 2436 329 2466 tas
361 2439 478 2474 esse;
510 2423 574 2465 ibi
607 2439 711 2466 sane
744 2425 992 2480 εἰσαγωγέων
1023 2436 1206 2463 munere
1235 2425 1444 2476 Prytanes
1474 2424 1584 2467 fun-

262 2497 489 2551 gebantur,
519 2509 666 2551 neque
695 2494 843 2538 minus
873 2493 998 2537 iniis
1023 2497 1294 2552 εἰσαγγελίαις,
1325 2509 1434 2551 quae
1464 2509 1487 2537 a
1509 2497 1583 2539 Se·

311 2658 390 2703 126)
417 2657 499 2694 Vid.
526 2658 609 2694 Lib.
632 2659 663 2694 1.
683 2669 764 2704 cap.
790 2668 825 2704 5.
