1706 3058
258 176 311 220 50

260 284 448 329 nominc
476 280 775 339 distinguere3
806 293 950 338 neque
969 284 1053 325 hoc
1069 283 1268 329 Petitum
1289 285 1459 335 fefellit,
1482 289 1574 336 sed,

260 374 342 415 qua
384 368 448 397 cst
478 355 525 396 in
558 367 846 396 numerorum
875 354 993 396 notis
1033 355 1299 406 inserendis,
1332 358 1574 406 mutandis,

259 427 462 471 delendis
494 425 764 473 temeritate,
796 427 884 467 hoc
916 440 1092 482 quoque
1118 428 1216 469 loco
1244 429 1577 472 rescribendum

259 516 353 544 esse
374 495 626 540 contendit:
658 495 776 552 ἡμὲν
795 501 918 553 κυρία
939 496 985 549 α’,
1015 496 1046 538 i.
1067 513 1105 539 e.
1139 499 1301 555 πρώτης
1333 516 1389 542 ne
1419 500 1575 543 videli-

257 585 325 615 cet
353 572 508 614 Pollux
540 570 593 609 ab
626 566 934 624 Aristophanis
963 567 1208 610 Scholiasta
1238 570 1474 614 dissentire
1501 570 1578 612 vi-

257 641 494 700 deatur¹0).
555 641 611 681 At
635 637 882 691 Hesychius
905 653 1081 695 quoque
1098 655 1232 682 unam
1265 644 1578 685 tantummodo

253 719 400 771 κυρίαν
422 714 638 766 ἐκκλησίαν
658 708 883 766 agnoscit:
918 713 1010 762 μία,
1043 709 1215 766 inquit,
1245 718 1366 769 κυρία
1391 716 1578 769 ἐκκλησία

255 784 374 842 ’ἤγὲΐθ
401 782 658 839 Ἀθήνῃσιν,
691 783 733 823 ἓν
758 773 789 837 ’,ἦ
817 779 889 829 τᾶς
920 777 1043 835 ἆῼχᾶς
1069 784 1378 838 ἐπιχειροτονεῖν
1413 785 1497 829 ἔδει
1510 787 1576 839 ¹¹).

252 854 385 913 Atqui
414 857 503 896 hoc
526 854 581 893 de
611 849 940 907 magistratibus
966 851 1200 892 ferendum
1230 868 1252 893 a
1283 858 1450 910 populo
1486 856 1578 897 suf·

254 927 442 984 fragium
469 924 626 966 Pollux
663 921 836 978 primae
873 921 1084 964 ecclesiae
1114 923 1328 980 assignat,
1363 940 1502 981 quam
1534 937 1579 968 et

255 997 352 1054 ipse
378 996 524 1050 κυρίαν
549 992 683 1034 dicit:
715 991 864 1049 itaque
893 992 1141 1046 Hesychius
1170 1009 1270 1036 cum
1282 998 1460 1038 Polluce
1475 1012 1579 1040 con·

255 1067 411 1116 sentit,
443 1079 534 1106 non
558 1079 661 1106 cum
683 1062 761 1104 illo
781 1065 1041 1106 Scholiasta.
1090 1067 1227 1107 Porro
1251 1068 1579 1123 Harpocration

253 1153 450 1198 quoque,
505 1151 618 1178 unus
650 1134 768 1175 inter
799 1149 952 1177 omnes
982 1137 1303 1178 Grammaticos
1337 1137 1578 1195 antiquita—

252 1226 347 1256 tum
369 1208 615 1252 Atticarum
635 1209 767 1263 longe
787 1205 1087 1263 peritissimus
1103 1239 1113 1254 ‚
1147 1218 1197 1248 ut
1221 1208 1436 1264 explicet,
1469 1208 1578 1266 quid

253 1284 312 1327 sit
340 1286 463 1338 κυρία
495 1282 704 1334 ἐκκλησία,
734 1279 842 1319 haec
872 1276 999 1318 affert
1027 1293 1078 1318 ex
1106 1277 1366 1320 Aristotele:
1399 1281 1578 1338 προγρά-

254 1370 381 1411 φουσι
400 1354 443 1396 δὲ
481 1352 543 1409 (οἵ
566 1349 801 1406 πρυτάνεις)
837 1350 906 1390 καὶ
938 1351 1085 1403 κυρίαν
1114 1353 1350 1405 ἐκκλησίαν,
1382 1355 1424 1394 ἐν
1456 1345 1486 1412 ᾖ
1516 1355 1581 1396 δεῖ

252 1428 322 1478 τὰς
349 1424 473 1480 ἀρχὰς
503 1421 848 1477 ἆποχειροτονεῖν,
891 1421 932 1462 οἷ
966 1421 1228 1476 δοκοῦσιῖμή
1251 1428 1384 1472 καλῶς
1414 1422 1576 1480 ἄρχειν·

253 1501 322 1542 καὶ
341 1499 432 1551 περὶ
451 1499 638 1549 φυλακῆς
659 1498 730 1546 τῆς
751 1491 903 1547 χώρας·
934 1492 1002 1532 καὶ
1024 1489 1095 1540 τοὶς
1115 1494 1360 1548 εἰσαγγελίας
1390 1496 1432 1536 ἐν
1451 1493 1576 1552 ταύτῃ

250 1577 302 1630 τῇ
313 1568 442 1624 ἡμέρᾳ
455 1564 552 1613 τούς
567 1565 847 1619 βουλομένους
864 1564 1074 1604 ποιεῖσθαί
1095 1576 1208 1615 φησι,
1233 1565 1301 1605 καὶ
1321 1562 1368 1605 τοὶ
1391 1561 1481 1618 ἕξῆς
1497 1564 1576 1621 ¹2).

252 1646 396 1684 Unam
420 1636 560 1692 igitur
577 1632 808 1674 ecclesiam
831 1636 977 1688 κυρίαν
1000 1631 1112 1673 dicit
1143 1631 1300 1680 fuisse,
1331 1632 1377 1674 in
1407 1649 1492 1690 qua
1523 1635 1578 1675 de

250 1707 593 1767 magistratubus
615 1714 851 1745 tractatum
884 1702 963 1750 sit,
997 1701 1325 1758 delationesque
1354 1705 1409 1744 ad
1440 1719 1578 1760 popu-

253 1785 348 1824 lum
367 1781 498 1823 latae;
533 1789 671 1830 quae,
705 1775 887 1816 Polluce
910 1784 1113 1820 auctore,
1148 1772 1196 1813 in
1225 1772 1416 1829 primam
1442 1776 1575 1816 eccle-

254 1853 366 1895 siam
392 1849 568 1890 cadunt.
627 1843 835 1900 Denique
862 1845 1154 1899 Etymologus
1190 1858 1393 1900 quoque:
1429 1848 1576 1901 Κυρία,

255 1921 406 1979 inquit
420 1951 431 1968 ,
467 1920 655 1974 σημαίνει
676 1915 749 1971 τήν
766 1917 1020 1971 προθεσμίαν
1043 1914 1106 1965 (in
1125 1913 1315 1967 judicio)
1336 1917 1405 1958 καὶ
1424 1914 1497 1970 τὴν
1515 1918 1577 1959 ἐκ·

254 1996 437 2050 κλησίαν,
462 1991 504 2032 ἐν
525 1982 555 2048 ᾗ
572 1988 643 2038 τὰς
655 1985 778 2042 ἀρχὰς
796 1989 1072 2043 ἔχειροτονοῦν
1092 1989 1194 2039 (scr.
1216 1984 1575 2041 ἕπεχειροτονοῧν).

255 2092 310 2099 -
341 2063 555 2109 Videmus
577 2059 730 2116 itaque
751 2069 941 2114 quatuor
957 2059 1090 2098 hosce
1114 2056 1436 2099 Grammaticos
1457 2071 1575 2098 sum-

255 2153 329 2181 mo
356 2149 575 2178 consensu
594 2147 726 2173 unam
751 2133 897 2187 κυρίαν
927 2142 1164 2186 agnoscere
1195 2126 1450 2174 ecclesiam.
1483 2137 1575 2170 non

254 2213 415 2268 plures,
446 2217 499 2246 ut
514 2201 815 2260 Aristophanis
840 2200 1076 2256 interpres:
1109 2198 1268 2255 quodsi
1290 2187 1573 2240 auctoritates

254 2282 401 2322 valere
426 2278 610 2328 debent,
642 2274 833 2316 dubium
855 2286 948 2314 esse
972 2285 1063 2312 non
1082 2280 1254 2326 potest,
1287 2280 1384 2312 utra
1415 2268 1474 2311 sit
1494 2283 1574 2327 po·

261 2362 532 2376 ,----

305 2398 361 2437 10)
383 2394 494 2428 Petit.
516 2394 558 2429 L.
581 2394 621 2426 L.
644 2395 684 2426 A.
706 2394 748 2427 Α.
772 2393 841 2427 ΙΙΙ.
868 2404 897 2426 1.
924 2403 960 2436 p.
982 2403 1057 2438 277.

306 2467 360 2506 ιι)
381 2462 542 2508 Hesych.
565 2474 593 2495 s.
612 2475 644 2494 v.
664 2463 769 2507 κυρία
787 2459 967 2506 ἐκκλησία.
1003 2457 1197 2492 Immerito
1216 2456 1266 2490 ibi
1285 2455 1451 2490 Valesius
1474 2438 1574 2491 αἶπο-

256 2525 478 2572 χειροτονεῖν
497 2522 653 2556 rescribi
673 2522 803 2555 voluit.

308 2595 361 2634 12)
383 2594 562 2636 Harpocr.
587 2603 615 2624 S.
637 2603 669 2624 v.
700 2593 806 2634 κυρία
832 2587 1011 2633 ἐκκλησία.
1054 2584 1304 2633 προγράφουσι
1329 2597 1396 2630 pro
1422 2584 1570 2638 vulgato

256 2668 406 2702 προσγρ.
426 2650 711 2687 rescribendum
729 2661 807 2683 esse
828 2648 996 2683 Valesius
1018 2653 1054 2681 et
1075 2649 1327 2693 Iungermann
1347 2645 1407 2689 (ad
1428 2644 1570 2679 Pollae.

257 2719 280 2749 l.
303 2718 342 2750 l.)
375 2714 558 2749 viderunt.
