1706 3058
1348 179 1398 210 Χῖ

74 283 131 318 ut
158 269 457 330 gravissimam
489 268 755 327 reipublicae
783 280 951 328 partem
980 269 1128 315 infimi
1159 274 1323 331 pariter
1348 290 1399 318 ac

75 344 239 388 summi
270 342 644 393 administrarent,
679 343 892 399 quoniam
927 345 980 386 de
1013 345 1219 388 omnibus
1254 350 1398 398 rebus,

74 418 259 459 Senatus
271 413 514 472 populique
529 413 728 463 decretis,
753 414 1030 466 privatorum
1042 417 1395 475 magistratuum·

75 501 164 543 que
186 486 309 528 factis
328 485 593 527 decernendi
606 485 994 541 potestasjudiciis
1007 499 1096 529 erat
1107 489 1315 545 permissa
1331 493 1394 544 *).

76 561 357 615 Quamquam
380 556 554 599 Solonis
584 555 769 612 quidem
793 567 947 605 aetate,
990 571 1033 599 et
1053 559 1266 614 proximis
1296 572 1400 617 post

76 629 206 673 illum
225 629 498 688 temporibus
528 627 601 668 vix
635 639 724 670 erat
757 628 1032 684 periculum,
1063 645 1118 671 ne
1152 642 1218 672 tot
1250 642 1396 672 tanta-

74 716 266 757 rumque
284 716 433 744 rerum
456 698 690 741 arbitrium
707 701 759 740 ad
777 701 923 741 levem
943 711 986 742 et
1005 701 1261 759 imperitam
1275 718 1401 759 egen·

72 771 188 815 tium
212 772 382 814 civium
400 769 740 813 multitudinem
762 770 1002 815 deveniret.
1051 774 1194 815 Gratis
1219 774 1337 815 enim
1360 785 1404 816 et

73 843 173 886 sine
190 846 388 886 mercede
411 854 515 885 tunc
538 841 821 892 iudicabant3
855 858 964 899 quae
988 858 1054 885 res
1075 843 1170 900 ipsa
1200 859 1290 894 eOS,
1323 845 1402 901 qui

74 927 208 956 manu
250 927 481 973 quaestum
525 913 766 960 faciebant,
818 915 1055 955 absterrere
1092 915 1270 964 debuit,
1311 930 1400 971 quo

71 985 222 1027 minus
247 1001 350 1028 cum
370 986 434 1028 rei
456 985 685 1026 familiaris
707 983 977 1026 detrimento
991 1016 1002 1032 ‚
1024 985 1310 1040 publicorum
1328 1003 1401 1028 ne-

72 1055 300 1111 gotiorum
328 1056 600 1105 molestiam,
637 1053 772 1096 nullis
804 1055 1013 1110 praemiis
1053 1069 1403 1114 compensatam,

71 1128 358 1184 susciperent.
419 1131 564 1186 Quare
595 1129 650 1168 ad
678 1125 956 1167 sortitionem
986 1141 1078 1168 non
1103 1129 1193 1169 fere
1219 1129 1404 1184 profite-

71 1198 255 1250 bantur,
287 1202 364 1242 sed
386 1210 527 1242 totam
548 1201 662 1241 hanc
683 1208 854 1256 partem
873 1199 1237 1256 locupletioribus
1267 1200 1401 1242 relin-

74 1284 209 1327 quere
233 1273 445 1316 solebant.

156 1365 274 1408 Dein
297 1365 498 1409 universi
521 1365 679 1423 populi
703 1379 976 1421 conventus,
996 1370 1230 1423 ἐκκλησίας,
1262 1370 1401 1411 Solon

72 1436 294 1488 instituit,
334 1437 481 1494 iisque
513 1437 798 1495 publicorum
837 1438 1151 1495 negotiorum,
1195 1451 1307 1493 quae
1345 1438 1402 1477 ad

71 1508 353 1564 magistratus
388 1524 480 1550 non
502 1509 805 1565 pertinerent,
836 1509 1140 1557 curationem,
1173 1507 1399 1564 magistra·

74 1588 202 1619 tuum
225 1579 424 1635 ipsorum
453 1580 745 1630 creationem,
777 1579 966 1636 denique
996 1594 1219 1621 summam
1255 1577 1403 1619 omnis

72 1648 342 1705 reipublicae
391 1649 823 1691 administrationem
872 1649 1100 1704 permisit3
1143 1651 1197 1690 de
1235 1648 1400 1704 quibus

73 1719 290 1775 quoniam
312 1718 362 1761 in
385 1719 670 1776 sequentibus
689 1719 812 1760 libris
845 1718 1104 1774 singulatim
1131 1731 1174 1762 et
1197 1731 1402 1762 accurate

72 1789 285 1847 scriptum
300 1802 377 1840 est,
400 1806 525 1832 nunc
538 1793 663 1847 plura
685 1793 840 1832 addere
861 1804 952 1830 non
976 1805 1155 1832 necesse
1175 1793 1401 1834 habemus,

72 1863 160 1903 Sed
179 1861 250 1903 his
271 1865 578 1904 conventubus
602 1872 818 1903 rectorem
841 1872 885 1903 et
915 1863 1242 1904 moderatorem
1273 1878 1401 1918 prae-

72 1932 181 1974 fecit
201 1936 414 1975 Senatum
429 1967 439 1984 ,
471 1932 719 1989 vetuitque,
748 1947 805 1973 ne
828 1931 937 1988 quid
954 1934 1010 1973 ad
1032 1936 1249 1989 populum
1270 1935 1399 1976 ferre-

75 2013 171 2052 tur,
202 2004 289 2046 nisi
320 2008 485 2048 Senatu
513 2015 614 2047 ante
645 2005 873 2051 consulto,
913 2019 1026 2045 neve
1061 2005 1172 2061 quid
1203 2007 1398 2062 populus

73 2077 267 2126 iuberet,
321 2074 411 2119 nisi
449 2090 472 2116 a
504 2074 784 2117 Senatoribus
822 2075 869 2115 in
918 2076 1179 2132 suffragium
1226 2076 1398 2122 missus.

75 2148 225 2201 Ipsum
254 2157 403 2188 autem
436 2149 646 2188 Senatum
677 2163 730 2189 ex
769 2145 1099 2204 quadringentis
1132 2147 1305 2190 civibus
1337 2147 1402 2190 ita

74 2217 350 2274 composuit,
393 2229 443 2259 ut
473 2233 525 2260 ex
567 2216 754 2274 singulis
796 2217 1022 2266 tribubus,
1062 2233 1175 2274 quae
1212 2231 1400 2277 quatuor

74 2298 201 2330 erant
219 2289 294 2331 illo
320 2301 540 2346 tempore,
570 2289 746 2332 centeni
769 2289 1005 2346 quotannis
1027 2289 1140 2340 viri,
1173 2293 1250 2332 sed
1269 2291 1399 2348 prio-

74 2374 175 2400 rum
194 2359 332 2404 trium
364 2361 595 2411 classium,
627 2372 672 2403 et
703 2360 888 2418 triginta
915 2361 1040 2403 annis
1067 2376 1160 2404 non
1187 2361 1398 2412 minores,

76 2441 195 2471 sorte
220 2445 502 2488 caperentur,
534 2432 632 2490 qui,
664 2432 743 2474 ubi
774 2432 820 2473 in
852 2433 1054 2476 examine
1087 2425 1321 2484 instituto,
1353 2450 1400 2476 se

74 2513 168 2541 non
194 2500 404 2559 indignos
434 2501 510 2545 tali
535 2504 633 2546 loco
671 2507 956 2565 probassent,
997 2520 1182 2548 munere
1210 2519 1291 2548 suo
1322 2521 1399 2562 per

76 2597 350 2615 ῑ-ῄ-μ

122 2654 156 2699 *)
183 2655 280 2689 Vide
309 2668 404 2703 quae
438 2659 560 2702 infra,
594 2659 676 2694 Lib.
713 2661 764 2696 ΙΙ,
795 2661 841 2697 de
864 2661 999 2714 yeatpff
1016 2658 1246 2711 παρανόμων
1283 2667 1322 2698 et
1352 2660 1400 2700 de

170 2712 371 2766 εἰσαγγελίᾳ
388 2718 582 2765 dicentur,
610 2731 688 2767 cap.
720 2733 751 2758 2.
783 2729 821 2758 et
846 2734 880 2770 3.
