<?xml version="1.0" encoding="UTF-8"?>
<!DOCTYPE html PUBLIC "-//W3C//DTD XHTML 1.0 Transitional//EN"
    "http://www.w3.org/TR/xhtml1/DTD/xhtml1-transitional.dtd">
<html xmlns="http://www.w3.org/1999/xhtml" xml:lang="en" lang="en">
 <head>
  <title>
</title>
<meta http-equiv="Content-Type" content="text/html;charset=utf-8" />
  <meta name='ocr-system' content='tesseract 3.04.00' />
  <meta name='ocr-capabilities' content='ocr_page ocr_carea ocr_par ocr_line ocrx_word'/>
</head>
<body>
  <div class='ocr_page' id='page_1' title='image "./decomitiisatheni00sch_0152.png"; bbox 0 0 1706 3058; ppageno 0'>
   <div class='ocr_carea' id='block_1_1' title="bbox 293 130 371 174">
    <p class='ocr_par' dir='ltr' id='par_1_1' title="bbox 293 130 371 174">
     <span class='ocr_line' id='line_1_1' title="bbox 293 130 371 174; baseline -0.026 0"><span class='ocrx_word' id='word_1_1' title='bbox 293 130 371 174; x_wconf 69' lang='lat'><strong>116</strong></span> 
     </span>
    </p>
   </div>
   <div class='ocr_carea' id='block_1_2' title="bbox 279 237 1607 1145">
    <p class='ocr_par' dir='ltr' id='par_1_2' title="bbox 279 237 1607 1145">
     <span class='ocr_line' id='line_1_2' title="bbox 375 237 1607 298; baseline -0.002 -15"><span class='ocrx_word' id='word_1_2' title='bbox 375 240 460 286; x_wconf 86' lang='lat' dir='ltr'><strong>Sed</strong></span> <span class='ocrx_word' id='word_1_3' title='bbox 489 243 569 282; x_wconf 82' lang='lat' dir='ltr'><strong>hac</strong></span> <span class='ocrx_word' id='word_1_4' title='bbox 598 239 715 294; x_wconf 77' lang='lat' dir='ltr'><strong>leges</strong></span> <span class='ocrx_word' id='word_1_5' title='bbox 755 237 1058 294; x_wconf 72' lang='lat' dir='ltr'>Aristophanis</span> <span class='ocrx_word' id='word_1_6' title='bbox 1088 250 1429 298; x_wconf 77' lang='lat' dir='ltr'><strong>nostrorumque</strong></span> <span class='ocrx_word' id='word_1_7' title='bbox 1460 255 1607 288; x_wconf 75' lang='lat' dir='ltr'><strong>orato-</strong></span> 
     </span>
     <span class='ocr_line' id='line_1_3' title="bbox 288 307 1607 368; baseline 0.004 -15"><span class='ocrx_word' id='word_1_8' title='bbox 288 329 387 356; x_wconf 76' lang='lat' dir='ltr'><strong>rum</strong></span> <span class='ocrx_word' id='word_1_9' title='bbox 419 309 693 368; x_wconf 75' lang='lat' dir='ltr'>temporibus</span> <span class='ocrx_word' id='word_1_10' title='bbox 726 307 1060 366; x_wconf 79' lang='lat' dir='ltr'><strong>negligebantur</strong></span> <span class='ocrx_word' id='word_1_11' title='bbox 1102 311 1192 351; x_wconf 87' lang='lat' dir='ltr'><strong>fere</strong></span> <span class='ocrx_word' id='word_1_12' title='bbox 1223 321 1266 350; x_wconf 87' lang='lat' dir='ltr'><strong>et</strong></span> <span class='ocrx_word' id='word_1_13' title='bbox 1305 311 1352 352; x_wconf 87' lang='lat' dir='ltr'><strong>in</strong></span> <span class='ocrx_word' id='word_1_14' title='bbox 1383 314 1607 358; x_wconf 51' lang='lat' dir='ltr'><strong>obliuione</strong></span> 
     </span>
     <span class='ocr_line' id='line_1_4' title="bbox 286 378 1605 438; baseline 0.002 -12"><span class='ocrx_word' id='word_1_15' title='bbox 286 387 502 438; x_wconf 82' lang='lat' dir='ltr'><strong>jacebant.</strong></span> <span class='ocrx_word' id='word_1_16' title='bbox 562 379 687 422; x_wconf 88' lang='lat' dir='ltr'><strong>Nihil</strong></span> <span class='ocrx_word' id='word_1_17' title='bbox 720 389 828 420; x_wconf 87' lang='lat' dir='ltr'><strong>tunc</strong></span> <span class='ocrx_word' id='word_1_18' title='bbox 867 378 1141 435; x_wconf 78' lang='lat' dir='ltr'><strong>frequentius</strong></span> <span class='ocrx_word' id='word_1_19' title='bbox 1181 392 1271 421; x_wconf 81' lang='lat' dir='ltr'><strong>erat</strong></span> <span class='ocrx_word' id='word_1_20' title='bbox 1311 381 1359 422; x_wconf 87' lang='lat' dir='ltr'><strong>in</strong></span> <span class='ocrx_word' id='word_1_21' title='bbox 1389 385 1605 435; x_wconf 76' lang='lat' dir='ltr'><strong>comitiis.</strong></span> 
     </span>
     <span class='ocr_line' id='line_1_5' title="bbox 287 449 1606 513; baseline 0.001 -17"><span class='ocrx_word' id='word_1_22' title='bbox 287 470 419 513; x_wconf 86' lang='lat' dir='ltr'><strong>quam</strong></span> <span class='ocrx_word' id='word_1_23' title='bbox 461 462 617 493; x_wconf 85' lang='lat' dir='ltr'><strong>mutua</strong></span> <span class='ocrx_word' id='word_1_24' title='bbox 666 460 890 491; x_wconf 71' lang='lat' dir='ltr'><strong>oratorum</strong></span> <span class='ocrx_word' id='word_1_25' title='bbox 943 449 1166 497; x_wconf 85' lang='lat' dir='ltr'><strong>convicia,</strong></span> <span class='ocrx_word' id='word_1_26' title='bbox 1216 450 1606 508; x_wconf 77' lang='lat' dir='ltr'>interpellationes,</span> 
     </span>
     <span class='ocr_line' id='line_1_6' title="bbox 287 519 1604 580; baseline -0.002 -14"><span class='ocrx_word' id='word_1_27' title='bbox 287 529 466 571; x_wconf 78' lang='lat' dir='ltr'><strong>turbae,</strong></span> <span class='ocrx_word' id='word_1_28' title='bbox 512 524 722 563; x_wconf 83' lang='lat' dir='ltr'><strong>clamores</strong></span> <span class='ocrx_word' id='word_1_29' title='bbox 749 530 797 560; x_wconf 77' lang='lat' dir='ltr'><strong>et</strong></span> <span class='ocrx_word' id='word_1_30' title='bbox 830 519 1206 572; x_wconf 59' lang='lat' dir='ltr'><strong>contumeliaew),</strong></span> <span class='ocrx_word' id='word_1_31' title='bbox 1268 523 1604 580; x_wconf 80' lang='lat' dir='ltr'><strong>Antiquioribus</strong></span> 
     </span>
     <span class='ocr_line' id='line_1_7' title="bbox 286 591 1604 648; baseline -0.002 -10"><span class='ocrx_word' id='word_1_32' title='bbox 286 608 432 639; x_wconf 86' lang='lat' dir='ltr'><strong>autem</strong></span> <span class='ocrx_word' id='word_1_33' title='bbox 464 591 737 648; x_wconf 84' lang='lat' dir='ltr'>temporibus</span> <span class='ocrx_word' id='word_1_34' title='bbox 768 606 939 632; x_wconf 81' lang='lat' dir='ltr'><strong>summa</strong></span> <span class='ocrx_word' id='word_1_35' title='bbox 970 593 1112 633; x_wconf 80' lang='lat' dir='ltr'><strong>fuerat</strong></span> <span class='ocrx_word' id='word_1_36' title='bbox 1143 604 1383 642; x_wconf 86' lang='lat' dir='ltr'><strong>oratorum,</strong></span> <span class='ocrx_word' id='word_1_37' title='bbox 1418 608 1518 636; x_wconf 88' lang='lat' dir='ltr'><strong>cum</strong></span> <span class='ocrx_word' id='word_1_38' title='bbox 1551 597 1604 637; x_wconf 86' lang='lat' dir='ltr'><strong>ad</strong></span> 
     </span>
     <span class='ocr_line' id='line_1_8' title="bbox 281 662 1602 724; baseline 0 -17"><span class='ocrx_word' id='word_1_39' title='bbox 281 667 499 724; x_wconf 85' lang='lat' dir='ltr'><strong>populum</strong></span> <span class='ocrx_word' id='word_1_40' title='bbox 539 664 671 704; x_wconf 81' lang='lat' dir='ltr'><strong>verba</strong></span> <span class='ocrx_word' id='word_1_41' title='bbox 710 663 924 710; x_wconf 77' lang='lat' dir='ltr'><strong>facerent,</strong></span> <span class='ocrx_word' id='word_1_42' title='bbox 976 662 1194 704; x_wconf 82' lang='lat' dir='ltr'><strong>modestia</strong></span> <span class='ocrx_word' id='word_1_43' title='bbox 1237 674 1280 704; x_wconf 89' lang='lat' dir='ltr'><strong>et</strong></span> <span class='ocrx_word' id='word_1_44' title='bbox 1320 664 1602 713; x_wconf 82' lang='lat' dir='ltr'><strong>verecundia,</strong></span> 
     </span>
     <span class='ocr_line' id='line_1_9' title="bbox 285 733 1603 796; baseline -0.002 -16"><span class='ocrx_word' id='word_1_45' title='bbox 285 753 418 796; x_wconf 88' lang='lat' dir='ltr'><strong>quam</strong></span> <span class='ocrx_word' id='word_1_46' title='bbox 449 749 539 776; x_wconf 88' lang='lat' dir='ltr'><strong>non</strong></span> <span class='ocrx_word' id='word_1_47' title='bbox 571 747 683 774; x_wconf 89' lang='lat' dir='ltr'><strong>voce</strong></span> <span class='ocrx_word' id='word_1_48' title='bbox 713 734 855 774; x_wconf 82' lang='lat' dir='ltr'><strong>solum</strong></span> <span class='ocrx_word' id='word_1_49' title='bbox 889 744 932 774; x_wconf 86' lang='lat' dir='ltr'><strong>et</strong></span> <span class='ocrx_word' id='word_1_50' title='bbox 962 733 1189 781; x_wconf 74' lang='lat' dir='ltr'><strong>oratione,</strong></span> <span class='ocrx_word' id='word_1_51' title='bbox 1220 737 1295 776; x_wconf 75' lang='lat' dir='ltr'><strong>sed</strong></span> <span class='ocrx_word' id='word_1_52' title='bbox 1326 746 1419 776; x_wconf 73' lang='lat' dir='ltr'><strong>toto</strong></span> <span class='ocrx_word' id='word_1_53' title='bbox 1450 750 1603 792; x_wconf 84' lang='lat' dir='ltr'><strong>corpo·</strong></span> 
     </span>
     <span class='ocr_line' id='line_1_10' title="bbox 282 802 1604 861; baseline -0.005 -8"><span class='ocrx_word' id='word_1_54' title='bbox 282 811 344 853; x_wconf 79' lang='lat' dir='ltr'><strong>ris</strong></span> <span class='ocrx_word' id='word_1_55' title='bbox 375 806 530 849; x_wconf 84' lang='lat' dir='ltr'><strong>habitu</strong></span> <span class='ocrx_word' id='word_1_56' title='bbox 561 815 603 845; x_wconf 87' lang='lat' dir='ltr'><strong>et</strong></span> <span class='ocrx_word' id='word_1_57' title='bbox 645 813 772 858; x_wconf 84' lang='lat' dir='ltr'><strong>gestu</strong></span> <span class='ocrx_word' id='word_1_58' title='bbox 812 816 917 857; x_wconf 83' lang='lat' dir='ltr'><strong>prae</strong></span> <span class='ocrx_word' id='word_1_59' title='bbox 958 817 1002 842; x_wconf 88' lang='lat' dir='ltr'><strong>se</strong></span> <span class='ocrx_word' id='word_1_60' title='bbox 1043 802 1253 847; x_wconf 86' lang='lat' dir='ltr'><strong>ferebant.</strong></span> <span class='ocrx_word' id='word_1_61' title='bbox 1320 807 1501 861; x_wconf 73' lang='lat' dir='ltr'><strong>Itaque,</strong></span> <span class='ocrx_word' id='word_1_62' title='bbox 1542 805 1604 847; x_wconf 83' lang='lat' dir='ltr'><strong>ait</strong></span> 
     </span>
     <span class='ocr_line' id='line_1_11' title="bbox 282 871 1602 925; baseline -0.003 -3"><span class='ocrx_word' id='word_1_63' title='bbox 282 878 543 925; x_wconf 81' lang='lat' dir='ltr'><strong>Aeschines,</strong></span> <span class='ocrx_word' id='word_1_64' title='bbox 575 885 743 915; x_wconf 84' lang='lat' dir='ltr'><strong>veteres</strong></span> <span class='ocrx_word' id='word_1_65' title='bbox 776 871 840 913; x_wconf 84' lang='lat' dir='ltr'><strong>illi</strong></span> <span class='ocrx_word' id='word_1_66' title='bbox 874 883 1082 921; x_wconf 78' lang='lat' dir='ltr'><strong>oratorcS,</strong></span> <span class='ocrx_word' id='word_1_67' title='bbox 1114 874 1316 922; x_wconf 83' lang='lat' dir='ltr'><strong>Pericles,</strong></span> <span class='ocrx_word' id='word_1_68' title='bbox 1349 876 1602 918; x_wconf 78' lang='lat' dir='ltr'><strong>Themisto—</strong></span> 
     </span>
     <span class='ocr_line' id='line_1_12' title="bbox 279 939 1604 1001; baseline -0.005 -7"><span class='ocrx_word' id='word_1_69' title='bbox 279 956 389 1001; x_wconf 81' lang='lat' dir='ltr'><strong>cles,</strong></span> <span class='ocrx_word' id='word_1_70' title='bbox 420 946 644 992; x_wconf 72' lang='lat' dir='ltr'>Aristides,</span> <span class='ocrx_word' id='word_1_71' title='bbox 679 945 785 985; x_wconf 81' lang='lat' dir='ltr'><strong>adeo</strong></span> <span class='ocrx_word' id='word_1_72' title='bbox 807 942 996 984; x_wconf 86' lang='lat' dir='ltr'><strong>modesti</strong></span> <span class='ocrx_word' id='word_1_73' title='bbox 1020 945 1214 994; x_wconf 87' lang='lat' dir='ltr'><strong>fuerunt,</strong></span> <span class='ocrx_word' id='word_1_74' title='bbox 1245 956 1308 994; x_wconf 81' lang='lat' dir='ltr'><strong>ut,</strong></span> <span class='ocrx_word' id='word_1_75' title='bbox 1343 947 1459 1001; x_wconf 86' lang='lat' dir='ltr'><strong>quod</strong></span> <span class='ocrx_word' id='word_1_76' title='bbox 1484 939 1604 988; x_wconf 78' lang='lat' dir='ltr'><strong>nunc</strong></span> 
     </span>
     <span class='ocr_line' id='line_1_13' title="bbox 281 1015 1600 1068; baseline -0.005 -3"><span class='ocrx_word' id='word_1_77' title='bbox 281 1036 436 1068; x_wconf 84' lang='lat' dir='ltr'><strong>omnes</strong></span> <span class='ocrx_word' id='word_1_78' title='bbox 469 1021 610 1061; x_wconf 84' lang='lat' dir='ltr'><strong>facere</strong></span> <span class='ocrx_word' id='word_1_79' title='bbox 640 1017 854 1064; x_wconf 73' lang='lat' dir='ltr'><strong>solemus,</strong></span> <span class='ocrx_word' id='word_1_80' title='bbox 885 1025 936 1055; x_wconf 92' lang='lat' dir='ltr'><strong>ut</strong></span> <span class='ocrx_word' id='word_1_81' title='bbox 968 1025 1134 1055; x_wconf 88' lang='lat' dir='ltr'><strong>exserto</strong></span> <span class='ocrx_word' id='word_1_82' title='bbox 1169 1015 1350 1059; x_wconf 89' lang='lat' dir='ltr'><strong>brachio</strong></span> <span class='ocrx_word' id='word_1_83' title='bbox 1384 1016 1600 1066; x_wconf 81' lang='lat' dir='ltr'><strong>dicamus,</strong></span> 
     </span>
     <span class='ocr_line' id='line_1_14' title="bbox 282 1084 1601 1145; baseline -0.006 -8"><span class='ocrx_word' id='word_1_84' title='bbox 282 1096 329 1137; x_wconf 80' lang='lat' dir='ltr'><strong>id</strong></span> <span class='ocrx_word' id='word_1_85' title='bbox 361 1092 429 1135; x_wconf 90' lang='lat' dir='ltr'><strong>illi</strong></span> <span class='ocrx_word' id='word_1_86' title='bbox 462 1084 769 1145; x_wconf 78' lang='lat' dir='ltr'><strong>impudentiae</strong></span> <span class='ocrx_word' id='word_1_87' title='bbox 799 1084 976 1140; x_wconf 86' lang='lat' dir='ltr'><strong>signum</strong></span> <span class='ocrx_word' id='word_1_88' title='bbox 1007 1096 1241 1141; x_wconf 79' lang='lat' dir='ltr'><strong>putarent,</strong></span> <span class='ocrx_word' id='word_1_89' title='bbox 1275 1097 1318 1128; x_wconf 86' lang='lat' dir='ltr'><strong>et</strong></span> <span class='ocrx_word' id='word_1_90' title='bbox 1348 1088 1490 1130; x_wconf 82' lang='lat' dir='ltr'><strong>facere</strong></span> <span class='ocrx_word' id='word_1_91' title='bbox 1521 1102 1601 1129; x_wconf 87' lang='lat' dir='ltr'><strong>ve-</strong></span> 
     </span>
    </p>
   </div>
   <div class='ocr_carea' id='block_1_3' title="bbox 278 1161 704 1211">
    <p class='ocr_par' dir='ltr' id='par_1_3' title="bbox 278 1161 704 1211">
     <span class='ocr_line' id='line_1_15' title="bbox 278 1161 704 1211; baseline -0.028 -2"><span class='ocrx_word' id='word_1_92' title='bbox 278 1165 627 1209; x_wconf 80' lang='lat' dir='ltr'><strong>recundarentur</strong></span> <span class='ocrx_word' id='word_1_93' title='bbox 644 1161 704 1211; x_wconf 82' lang='lat'>³¹).</span> 
     </span>
    </p>
   </div>
   <div class='ocr_carea' id='block_1_4' title="bbox 270 1295 1599 2505">
    <p class='ocr_par' dir='ltr' id='par_1_4' title="bbox 275 1295 1599 1582">
     <span class='ocr_line' id='line_1_16' title="bbox 283 1295 1596 1349; baseline 0 -14"><span class='ocrx_word' id='word_1_94' title='bbox 283 1308 312 1338; x_wconf 73' lang='grc' dir='ltr'><strong>Γ·</strong></span> <span class='ocrx_word' id='word_1_95' title='bbox 334 1313 391 1349; x_wconf 60' lang='grc' dir='ltr'><strong>σι,</strong></span> <span class='ocrx_word' id='word_1_96' title='bbox 419 1303 567 1338; x_wconf 83' lang='lat' dir='ltr'><strong>nescire</strong></span> <span class='ocrx_word' id='word_1_97' title='bbox 585 1310 647 1333; x_wconf 87' lang='lat' dir='ltr'><strong>me</strong></span> <span class='ocrx_word' id='word_1_98' title='bbox 665 1298 812 1332; x_wconf 64' lang='lat' dir='ltr'><strong>fateor?</strong></span> <span class='ocrx_word' id='word_1_99' title='bbox 829 1297 893 1331; x_wconf 82' lang='lat' dir='ltr'><strong>alii</strong></span> <span class='ocrx_word' id='word_1_100' title='bbox 911 1295 1100 1342; x_wconf 77' lang='lat' dir='ltr'><strong>explicant</strong></span> <span class='ocrx_word' id='word_1_101' title='bbox 1118 1297 1167 1332; x_wconf 68' lang='lat' dir='ltr'><strong>w*</strong></span> <span class='ocrx_word' id='word_1_102' title='bbox 1186 1296 1237 1342; x_wconf 80' lang='grc' dir='ltr'><em>μή</em></span> <span class='ocrx_word' id='word_1_103' title='bbox 1256 1296 1317 1333; x_wconf 72' lang='grc' dir='ltr'><strong>ἐπὶ</strong></span> <span class='ocrx_word' id='word_1_104' title='bbox 1337 1314 1368 1334; x_wconf 83' lang='grc' dir='ltr'><strong>τ.</strong></span> <span class='ocrx_word' id='word_1_105' title='bbox 1386 1304 1422 1345; x_wconf 85' lang='grc' dir='ltr'><strong>β.</strong></span> <span class='ocrx_word' id='word_1_106' title='bbox 1444 1311 1506 1334; x_wconf 84' lang='lat' dir='ltr'><strong>eas</strong></span> <span class='ocrx_word' id='word_1_107' title='bbox 1522 1311 1596 1343; x_wconf 84' lang='lat' dir='ltr'><strong>res,</strong></span> 
     </span>
     <span class='ocr_line' id='line_1_17' title="bbox 277 1356 1599 1410; baseline -0.005 -9"><span class='ocrx_word' id='word_1_108' title='bbox 277 1381 310 1410; x_wconf 76' lang='lat'><strong>‹-¹</strong></span> <span class='ocrx_word' id='word_1_109' title='bbox 377 1366 474 1400; x_wconf 77' lang='lat' dir='ltr'><strong>iibus</strong></span> <span class='ocrx_word' id='word_1_110' title='bbox 492 1374 568 1396; x_wconf 87' lang='lat' dir='ltr'><strong>non</strong></span> <span class='ocrx_word' id='word_1_111' title='bbox 584 1361 707 1406; x_wconf 84' lang='lat' dir='ltr'><strong>agitur</strong></span> <span class='ocrx_word' id='word_1_112' title='bbox 721 1359 761 1392; x_wconf 87' lang='lat' dir='ltr'><strong>in</strong></span> <span class='ocrx_word' id='word_1_113' title='bbox 779 1364 970 1402; x_wconf 78' lang='lat' dir='ltr'><strong>suggestu,</strong></span> <span class='ocrx_word' id='word_1_114' title='bbox 997 1357 1061 1390; x_wconf 81' lang='lat' dir='ltr'><strong>alii</strong></span> <span class='ocrx_word' id='word_1_115' title='bbox 1080 1356 1164 1393; x_wconf 61' lang='lat' dir='ltr'><strong>*cois</strong></span> <span class='ocrx_word' id='word_1_116' title='bbox 1190 1372 1228 1401; x_wconf 87' lang='grc' dir='ltr'><strong>μ.</strong></span> <span class='ocrx_word' id='word_1_117' title='bbox 1250 1357 1278 1392; x_wconf 78' lang='grc' dir='ltr'><strong>ἑ.</strong></span> <span class='ocrx_word' id='word_1_118' title='bbox 1304 1373 1336 1393; x_wconf 83' lang='grc' dir='ltr'><strong>τ.</strong></span> <span class='ocrx_word' id='word_1_119' title='bbox 1362 1364 1397 1404; x_wconf 72' lang='lat' dir='ltr'><strong>p&#39;.</strong></span> <span class='ocrx_word' id='word_1_120' title='bbox 1427 1360 1511 1394; x_wconf 88' lang='lat' dir='ltr'><strong>illos</strong></span> <span class='ocrx_word' id='word_1_121' title='bbox 1531 1361 1599 1395; x_wconf 84' lang='lat' dir='ltr'><strong>ho—</strong></span> 
     </span>
     <span class='ocr_line' id='line_1_18' title="bbox 275 1417 1596 1471; baseline -0.002 -15"><span class='ocrx_word' id='word_1_122' title='bbox 275 1440 297 1461; x_wconf 79' lang='lat'><strong>‚.</strong></span> <span class='ocrx_word' id='word_1_123' title='bbox 332 1461 336 1468; x_wconf 80' lang='lat'><em>,</em></span> <span class='ocrx_word' id='word_1_124' title='bbox 366 1438 412 1469; x_wconf 59' lang='lat' dir='ltr'><strong>gs,</strong></span> <span class='ocrx_word' id='word_1_125' title='bbox 433 1424 497 1471; x_wconf 77' lang='lat' dir='ltr'><strong>(sui</strong></span> <span class='ocrx_word' id='word_1_126' title='bbox 514 1434 590 1456; x_wconf 91' lang='lat' dir='ltr'><strong>non</strong></span> <span class='ocrx_word' id='word_1_127' title='bbox 610 1422 647 1454; x_wconf 89' lang='lat' dir='ltr'><strong>in</strong></span> <span class='ocrx_word' id='word_1_128' title='bbox 667 1426 846 1464; x_wconf 80' lang='lat' dir='ltr'><strong>suggestu</strong></span> <span class='ocrx_word' id='word_1_129' title='bbox 867 1424 973 1460; x_wconf 86' lang='lat' dir='ltr'><strong>sunt,</strong></span> <span class='ocrx_word' id='word_1_130' title='bbox 1003 1417 1061 1450; x_wconf 87' lang='lat' dir='ltr'><strong>vel</strong></span> <span class='ocrx_word' id='word_1_131' title='bbox 1079 1417 1252 1452; x_wconf 87' lang='lat' dir='ltr'><strong>homines</strong></span> <span class='ocrx_word' id='word_1_132' title='bbox 1271 1430 1402 1453; x_wconf 82' lang='lat' dir='ltr'><strong>earum</strong></span> <span class='ocrx_word' id='word_1_133' title='bbox 1417 1420 1596 1463; x_wconf 81' lang='lat' dir='ltr'><strong>tribuum,</strong></span> 
     </span>
     <span class='ocr_line' id='line_1_19' title="bbox 324 1478 1599 1523; baseline -0.003 -4"><span class='ocrx_word' id='word_1_134' title='bbox 324 1512 327 1513; x_wconf 16' lang='grc' dir='ltr'><em>γ</em></span> <span class='ocrx_word' id='word_1_135' title='bbox 389 1497 464 1519; x_wconf 86' lang='lat' dir='ltr'><strong>non</strong></span> <span class='ocrx_word' id='word_1_136' title='bbox 485 1482 680 1518; x_wconf 85' lang='lat' dir='ltr'><strong>consident</strong></span> <span class='ocrx_word' id='word_1_137' title='bbox 704 1481 744 1513; x_wconf 86' lang='lat' dir='ltr'><strong>in</strong></span> <span class='ocrx_word' id='word_1_138' title='bbox 765 1484 956 1523; x_wconf 80' lang='lat' dir='ltr'><strong>suggestu.</strong></span> <span class='ocrx_word' id='word_1_139' title='bbox 1005 1479 1148 1511; x_wconf 83' lang='lat' dir='ltr'><strong>Neutra</strong></span> <span class='ocrx_word' id='word_1_140' title='bbox 1174 1478 1371 1522; x_wconf 76' lang='lat' dir='ltr'><strong>explicatio</strong></span> <span class='ocrx_word' id='word_1_141' title='bbox 1396 1480 1483 1514; x_wconf 82' lang='lat' dir='ltr'><strong>satis</strong></span> <span class='ocrx_word' id='word_1_142' title='bbox 1499 1481 1599 1514; x_wconf 81' lang='lat' dir='ltr'><strong>mihi</strong></span> 
     </span>
     <span class='ocr_line' id='line_1_20' title="bbox 386 1525 1598 1582; baseline -0.005 -2"><span class='ocrx_word' id='word_1_143' title='bbox 386 1554 411 1581; x_wconf 86' lang='lat' dir='ltr'><strong>t.</strong></span> <span class='ocrx_word' id='word_1_144' title='bbox 460 1546 631 1578; x_wconf 83' lang='lat' dir='ltr'><strong>Fortasse</strong></span> <span class='ocrx_word' id='word_1_145' title='bbox 649 1539 870 1575; x_wconf 79' lang='lat' dir='ltr'><strong>exciderunt</strong></span> <span class='ocrx_word' id='word_1_146' title='bbox 894 1537 1087 1571; x_wconf 83' lang='lat' dir='ltr'><strong>nonnulla.</strong></span> <span class='ocrx_word' id='word_1_147' title='bbox 1136 1525 1462 1582; x_wconf 64' lang='grc' dir='ltr'><strong>Παρακελειέσθᾷι</strong></span> <span class='ocrx_word' id='word_1_148' title='bbox 1480 1539 1598 1574; x_wconf 82' lang='lat' dir='ltr'><strong>inter-</strong></span> 
     </span>
    </p>

    <p class='ocr_par' dir='ltr' id='par_1_5' title="bbox 270 1597 1597 2505">
     <span class='ocr_line' id='line_1_21' title="bbox 274 1597 1597 1653; baseline -0.004 -14"><span class='ocrx_word' id='word_1_149' title='bbox 274 1639 286 1653; x_wconf 41' lang='grc' dir='ltr'><strong>Δ</strong></span> <span class='ocrx_word' id='word_1_150' title='bbox 386 1619 424 1649; x_wconf 80' lang='lat' dir='ltr'><strong>r,</strong></span> <span class='ocrx_word' id='word_1_151' title='bbox 450 1603 637 1639; x_wconf 76' lang='lat' dir='ltr'><strong>seditiosis</strong></span> <span class='ocrx_word' id='word_1_152' title='bbox 664 1598 997 1634; x_wconf 82' lang='lat' dir='ltr'><strong>vociferationibus</strong></span> <span class='ocrx_word' id='word_1_153' title='bbox 1016 1597 1094 1639; x_wconf 88' lang='lat' dir='ltr'><strong>uti,</strong></span> <span class='ocrx_word' id='word_1_154' title='bbox 1120 1610 1154 1631; x_wconf 84' lang='lat' dir='ltr'><strong>v.</strong></span> <span class='ocrx_word' id='word_1_155' title='bbox 1174 1610 1205 1631; x_wconf 61' lang='lat' dir='ltr'><strong>c„</strong></span> <span class='ocrx_word' id='word_1_156' title='bbox 1233 1599 1423 1642; x_wconf 84' lang='lat' dir='ltr'><strong>postulare</strong></span> <span class='ocrx_word' id='word_1_157' title='bbox 1441 1611 1462 1634; x_wconf 84' lang='lat' dir='ltr'>a</span> <span class='ocrx_word' id='word_1_158' title='bbox 1483 1601 1597 1636; x_wconf 83' lang='lat' dir='ltr'><strong>Proe-</strong></span> 
     </span>
     <span class='ocr_line' id='line_1_22' title="bbox 274 1658 1597 1704; baseline -0.006 0"><span class='ocrx_word' id='word_1_159' title='bbox 274 1670 328 1704; x_wconf 78' lang='lat' dir='ltr'>er</span> <span class='ocrx_word' id='word_1_160' title='bbox 407 1673 451 1701; x_wconf 85' lang='lat' dir='ltr'><strong>ut</strong></span> <span class='ocrx_word' id='word_1_161' title='bbox 479 1665 525 1699; x_wconf 85' lang='lat' dir='ltr'><strong>de</strong></span> <span class='ocrx_word' id='word_1_162' title='bbox 554 1663 625 1696; x_wconf 87' lang='lat' dir='ltr'><strong>hac</strong></span> <span class='ocrx_word' id='word_1_163' title='bbox 650 1661 711 1695; x_wconf 84' lang='lat' dir='ltr'><strong>vel</strong></span> <span class='ocrx_word' id='word_1_164' title='bbox 732 1660 797 1694; x_wconf 82' lang='lat' dir='ltr'><strong>illa</strong></span> <span class='ocrx_word' id='word_1_165' title='bbox 823 1670 865 1693; x_wconf 88' lang='lat' dir='ltr'><strong>re</strong></span> <span class='ocrx_word' id='word_1_166' title='bbox 898 1658 946 1692; x_wconf 84' lang='lat' dir='ltr'><strong>ad</strong></span> <span class='ocrx_word' id='word_1_167' title='bbox 973 1658 1156 1702; x_wconf 87' lang='lat' dir='ltr'><strong>populum</strong></span> <span class='ocrx_word' id='word_1_168' title='bbox 1184 1659 1362 1692; x_wconf 81' lang='lat' dir='ltr'><strong>reserant.</strong></span> <span class='ocrx_word' id='word_1_169' title='bbox 1392 1679 1437 1685; x_wconf 90' lang='grc'><strong>--</strong></span> <span class='ocrx_word' id='word_1_170' title='bbox 1485 1661 1597 1696; x_wconf 78' lang='lat' dir='ltr'><strong>Cete-</strong></span> 
     </span>
     <span class='ocr_line' id='line_1_23' title="bbox 274 1717 1596 1767; baseline -0.008 -2"><span class='ocrx_word' id='word_1_171' title='bbox 274 1742 360 1765; x_wconf 79' lang='lat' dir='ltr'><strong>runi</strong></span> <span class='ocrx_word' id='word_1_172' title='bbox 394 1739 470 1762; x_wconf 88' lang='lat' dir='ltr'><strong>non</strong></span> <span class='ocrx_word' id='word_1_173' title='bbox 496 1724 669 1763; x_wconf 88' lang='lat' dir='ltr'><strong>licuisse,</strong></span> <span class='ocrx_word' id='word_1_174' title='bbox 709 1720 782 1754; x_wconf 81' lang='lat' dir='ltr'><strong>alia</strong></span> <span class='ocrx_word' id='word_1_175' title='bbox 820 1719 867 1752; x_wconf 86' lang='lat' dir='ltr'><strong>de</strong></span> <span class='ocrx_word' id='word_1_176' title='bbox 900 1728 943 1751; x_wconf 89' lang='lat' dir='ltr'><strong>re</strong></span> <span class='ocrx_word' id='word_1_177' title='bbox 980 1718 1092 1750; x_wconf 83' lang='lat' dir='ltr'><strong>verba</strong></span> <span class='ocrx_word' id='word_1_178' title='bbox 1119 1717 1263 1759; x_wconf 82' lang='lat' dir='ltr'><strong>facere,</strong></span> <span class='ocrx_word' id='word_1_179' title='bbox 1308 1729 1419 1763; x_wconf 78' lang='lat' dir='ltr'><strong>quam</strong></span> <span class='ocrx_word' id='word_1_180' title='bbox 1450 1720 1496 1754; x_wconf 87' lang='lat' dir='ltr'><strong>de</strong></span> <span class='ocrx_word' id='word_1_181' title='bbox 1522 1733 1596 1767; x_wconf 82' lang='lat' dir='ltr'><strong>qua</strong></span> 
     </span>
     <span class='ocr_line' id='line_1_24' title="bbox 273 1776 1594 1826; baseline -0.008 0"><span class='ocrx_word' id='word_1_182' title='bbox 273 1789 433 1826; x_wconf 83' lang='lat' dir='ltr'><strong>I‘rocdri</strong></span> <span class='ocrx_word' id='word_1_183' title='bbox 456 1785 693 1823; x_wconf 82' lang='lat' dir='ltr'><strong>retulissent,</strong></span> <span class='ocrx_word' id='word_1_184' title='bbox 720 1787 757 1814; x_wconf 86' lang='lat' dir='ltr'><strong>et</strong></span> <span class='ocrx_word' id='word_1_185' title='bbox 775 1790 844 1824; x_wconf 88' lang='lat' dir='ltr'><strong>per</strong></span> <span class='ocrx_word' id='word_1_186' title='bbox 861 1790 900 1812; x_wconf 84' lang='lat' dir='ltr'><strong>se</strong></span> <span class='ocrx_word' id='word_1_187' title='bbox 919 1776 999 1811; x_wconf 82' lang='lat' dir='ltr'><strong>veri</strong></span> <span class='ocrx_word' id='word_1_188' title='bbox 1027 1776 1260 1810; x_wconf 80' lang='lat' dir='ltr'><strong>simillimum</strong></span> <span class='ocrx_word' id='word_1_189' title='bbox 1287 1785 1363 1821; x_wconf 78' lang='lat' dir='ltr'><strong>est,</strong></span> <span class='ocrx_word' id='word_1_190' title='bbox 1396 1787 1430 1813; x_wconf 87' lang='lat' dir='ltr'><strong>et</strong></span> <span class='ocrx_word' id='word_1_191' title='bbox 1457 1782 1594 1819; x_wconf 67' lang='lat' dir='ltr'><strong>coniici</strong></span> 
     </span>
     <span class='ocr_line' id='line_1_25' title="bbox 274 1833 1592 1897; baseline -0.007 -12"><span class='ocrx_word' id='word_1_192' title='bbox 274 1856 401 1897; x_wconf 80' lang='lat' dir='ltr'><strong>potest</strong></span> <span class='ocrx_word' id='word_1_193' title='bbox 422 1861 444 1883; x_wconf 86' lang='lat' dir='ltr'><strong>e</strong></span> <span class='ocrx_word' id='word_1_194' title='bbox 467 1843 663 1881; x_wconf 75' lang='lat' dir='ltr'><strong>Demosth.</strong></span> <span class='ocrx_word' id='word_1_195' title='bbox 692 1841 773 1875; x_wconf 83' lang='lat' dir='ltr'><strong>adv.</strong></span> <span class='ocrx_word' id='word_1_196' title='bbox 799 1839 964 1873; x_wconf 89' lang='lat' dir='ltr'><strong>Timocr.</strong></span> <span class='ocrx_word' id='word_1_197' title='bbox 981 1849 1017 1882; x_wconf 93' lang='lat' dir='ltr'><strong>p.</strong></span> <span class='ocrx_word' id='word_1_198' title='bbox 1039 1847 1117 1882; x_wconf 84' lang='lat'>715.</span> <span class='ocrx_word' id='word_1_199' title='bbox 1142 1833 1188 1872; x_wconf 85' lang='grc' dir='ltr'><strong>ου’</strong></span> <span class='ocrx_word' id='word_1_200' title='bbox 1214 1840 1462 1882; x_wconf 74' lang='grc' dir='ltr'><strong>προτεθέντος</strong></span> <span class='ocrx_word' id='word_1_201' title='bbox 1486 1839 1592 1878; x_wconf 63' lang='grc' dir='ltr'><em>οὔδε-</em></span> 
     </span>
     <span class='ocr_line' id='line_1_26' title="bbox 272 1897 1594 1954; baseline -0.013 -6"><span class='ocrx_word' id='word_1_202' title='bbox 272 1910 334 1948; x_wconf 67' lang='grc' dir='ltr'><strong>νός</strong></span> <span class='ocrx_word' id='word_1_203' title='bbox 365 1904 620 1954; x_wconf 72' lang='grc' dir='ltr'><strong>περὶτούτων.</strong></span> <span class='ocrx_word' id='word_1_204' title='bbox 645 1921 690 1929; x_wconf 93' lang='grc'>-</span> <span class='ocrx_word' id='word_1_205' title='bbox 716 1911 792 1935; x_wconf 89' lang='lat' dir='ltr'><strong>non</strong></span> <span class='ocrx_word' id='word_1_206' title='bbox 808 1899 959 1933; x_wconf 85' lang='lat' dir='ltr'><strong>licuisse</strong></span> <span class='ocrx_word' id='word_1_207' title='bbox 991 1903 1120 1930; x_wconf 87' lang='lat' dir='ltr'><strong>autem</strong></span> <span class='ocrx_word' id='word_1_208' title='bbox 1151 1897 1198 1931; x_wconf 85' lang='lat' dir='ltr'><strong>de</strong></span> <span class='ocrx_word' id='word_1_209' title='bbox 1225 1898 1394 1942; x_wconf 84' lang='lat' dir='ltr'><strong>pluribus</strong></span> <span class='ocrx_word' id='word_1_210' title='bbox 1416 1900 1527 1934; x_wconf 87' lang='lat' dir='ltr'><strong>rebus</strong></span> <span class='ocrx_word' id='word_1_211' title='bbox 1547 1901 1594 1935; x_wconf 89' lang='lat' dir='ltr'><strong>si.</strong></span> 
     </span>
     <span class='ocr_line' id='line_1_27' title="bbox 273 1956 1588 2009; baseline -0.01 -5"><span class='ocrx_word' id='word_1_212' title='bbox 273 1971 354 2004; x_wconf 80' lang='lat' dir='ltr'><strong>niul</strong></span> <span class='ocrx_word' id='word_1_213' title='bbox 382 1968 524 2009; x_wconf 86' lang='lat' dir='ltr'><strong>dicere,</strong></span> <span class='ocrx_word' id='word_1_214' title='bbox 560 1963 700 1998; x_wconf 82' lang='lat' dir='ltr'><strong>iterum</strong></span> <span class='ocrx_word' id='word_1_215' title='bbox 726 1959 928 1995; x_wconf 85' lang='lat' dir='ltr'><strong>Aeschines</strong></span> <span class='ocrx_word' id='word_1_216' title='bbox 954 1958 1065 1991; x_wconf 87' lang='lat' dir='ltr'><strong>docet</strong></span> <span class='ocrx_word' id='word_1_217' title='bbox 1088 1956 1167 1991; x_wconf 76' lang='lat' dir='ltr'><strong>adv.</strong></span> <span class='ocrx_word' id='word_1_218' title='bbox 1192 1958 1424 2003; x_wconf 77' lang='lat' dir='ltr'><strong>ctesiphont.</strong></span> <span class='ocrx_word' id='word_1_219' title='bbox 1453 1971 1487 2005; x_wconf 83' lang='lat' dir='ltr'><strong>p.</strong></span> <span class='ocrx_word' id='word_1_220' title='bbox 1509 1966 1588 2006; x_wconf 74' lang='lat'><strong>383,</strong></span> 
     </span>
     <span class='ocr_line' id='line_1_28' title="bbox 318 2026 1586 2084; baseline -0.005 -14"><span class='ocrx_word' id='word_1_221' title='bbox 318 2042 378 2084; x_wconf 79' lang='lat'><strong>30)</strong></span> <span class='ocrx_word' id='word_1_222' title='bbox 399 2038 442 2070; x_wconf 87' lang='lat' dir='ltr'><strong>V.</strong></span> <span class='ocrx_word' id='word_1_223' title='bbox 464 2033 638 2069; x_wconf 86' lang='lat' dir='ltr'><strong>Aeschin.</strong></span> <span class='ocrx_word' id='word_1_224' title='bbox 654 2030 739 2064; x_wconf 72' lang='lat' dir='ltr'><strong>adv.</strong></span> <span class='ocrx_word' id='word_1_225' title='bbox 766 2027 953 2061; x_wconf 85' lang='lat' dir='ltr'><strong>Timareh.</strong></span> <span class='ocrx_word' id='word_1_226' title='bbox 982 2038 1018 2070; x_wconf 89' lang='lat' dir='ltr'><strong>p.</strong></span> <span class='ocrx_word' id='word_1_227' title='bbox 1037 2035 1092 2072; x_wconf 82' lang='lat'><strong>57.</strong></span> <span class='ocrx_word' id='word_1_228' title='bbox 1118 2026 1316 2060; x_wconf 82' lang='lat' dir='ltr'><strong>Demosth.</strong></span> <span class='ocrx_word' id='word_1_229' title='bbox 1339 2026 1386 2061; x_wconf 88' lang='lat' dir='ltr'><strong>de</strong></span> <span class='ocrx_word' id='word_1_230' title='bbox 1402 2027 1486 2062; x_wconf 85' lang='lat' dir='ltr'><strong>fals.</strong></span> <span class='ocrx_word' id='word_1_231' title='bbox 1512 2030 1586 2075; x_wconf 85' lang='lat' dir='ltr'><strong>leg.</strong></span> 
     </span>
     <span class='ocr_line' id='line_1_29' title="bbox 271 2086 1586 2145; baseline -0.007 -14"><span class='ocrx_word' id='word_1_232' title='bbox 271 2113 308 2145; x_wconf 79' lang='lat' dir='ltr'><strong>p,</strong></span> <span class='ocrx_word' id='word_1_233' title='bbox 331 2104 410 2144; x_wconf 80' lang='lat'>548.</span> <span class='ocrx_word' id='word_1_234' title='bbox 425 2097 505 2131; x_wconf 82' lang='lat' dir='ltr'><strong>adv.</strong></span> <span class='ocrx_word' id='word_1_235' title='bbox 525 2094 728 2128; x_wconf 80' lang='lat' dir='ltr'><strong>Timocrat.</strong></span> <span class='ocrx_word' id='word_1_236' title='bbox 746 2101 781 2135; x_wconf 87' lang='lat' dir='ltr'><strong>p.</strong></span> <span class='ocrx_word' id='word_1_237' title='bbox 795 2100 874 2135; x_wconf 74' lang='lat'><strong>7⁰4⁸·</strong></span> <span class='ocrx_word' id='word_1_238' title='bbox 894 2086 1082 2130; x_wconf 82' lang='lat' dir='ltr'><strong>Aristoph.</strong></span> <span class='ocrx_word' id='word_1_239' title='bbox 1100 2087 1245 2121; x_wconf 85' lang='lat' dir='ltr'><strong>Eccles.</strong></span> <span class='ocrx_word' id='word_1_240' title='bbox 1263 2099 1296 2121; x_wconf 85' lang='lat' dir='ltr'><strong>v.</strong></span> <span class='ocrx_word' id='word_1_241' title='bbox 1320 2098 1395 2132; x_wconf 84' lang='lat'>142.</span> <span class='ocrx_word' id='word_1_242' title='bbox 1420 2092 1586 2135; x_wconf 59' lang='lat'>248.1256,</span> 
     </span>
     <span class='ocr_line' id='line_1_30' title="bbox 319 2145 1584 2213; baseline -0.003 -17"><span class='ocrx_word' id='word_1_243' title='bbox 319 2169 377 2213; x_wconf 80' lang='lat'><strong>5¹)</strong></span> <span class='ocrx_word' id='word_1_244' title='bbox 418 2165 506 2199; x_wconf 85' lang='lat' dir='ltr'><strong>Adv.</strong></span> <span class='ocrx_word' id='word_1_245' title='bbox 538 2159 727 2196; x_wconf 86' lang='lat' dir='ltr'><strong>Timarch.</strong></span> <span class='ocrx_word' id='word_1_246' title='bbox 758 2169 794 2202; x_wconf 88' lang='lat' dir='ltr'><strong>p.</strong></span> <span class='ocrx_word' id='word_1_247' title='bbox 836 2166 891 2200; x_wconf 84' lang='lat'><strong>52.</strong></span> <span class='ocrx_word' id='word_1_248' title='bbox 932 2155 1158 2190; x_wconf 82' lang='lat' dir='ltr'><strong>scholiastes</strong></span> <span class='ocrx_word' id='word_1_249' title='bbox 1193 2156 1238 2190; x_wconf 83' lang='lat' dir='ltr'><strong>ad</strong></span> <span class='ocrx_word' id='word_1_250' title='bbox 1269 2156 1306 2190; x_wconf 84' lang='lat' dir='ltr'><strong>h.</strong></span> <span class='ocrx_word' id='word_1_251' title='bbox 1334 2157 1359 2191; x_wconf 91' lang='lat'><strong>1.</strong></span> <span class='ocrx_word' id='word_1_252' title='bbox 1380 2145 1584 2192; x_wconf 72' lang='lat' dir='ltr'><strong>observat:</strong></span> 
     </span>
     <span class='ocr_line' id='line_1_31' title="bbox 272 2214 1586 2274; baseline -0.002 -17"><span class='ocrx_word' id='word_1_253' title='bbox 272 2229 416 2274; x_wconf 55' lang='grc' dir='ltr'><strong><em>λέγεται</em></strong></span> <span class='ocrx_word' id='word_1_254' title='bbox 431 2224 467 2260; x_wconf 64' lang='grc' dir='ltr'><strong>δὲ</strong></span> <span class='ocrx_word' id='word_1_255' title='bbox 487 2224 616 2259; x_wconf 78' lang='grc' dir='ltr'><em>Κλέων</em></span> <span class='ocrx_word' id='word_1_256' title='bbox 636 2218 656 2256; x_wconf 82' lang='lat' dir='ltr'><strong>o‘</strong></span> <span class='ocrx_word' id='word_1_257' title='bbox 675 2216 883 2264; x_wconf 68' lang='grc' dir='ltr'><em>δημαγωγός</em></span> <span class='ocrx_word' id='word_1_258' title='bbox 906 2214 1051 2260; x_wconf 72' lang='grc' dir='ltr'><em>πρῶτος</em></span> <span class='ocrx_word' id='word_1_259' title='bbox 1067 2215 1239 2262; x_wconf 66' lang='grc' dir='ltr'><strong>παραβιὶς</strong></span> <span class='ocrx_word' id='word_1_260' title='bbox 1257 2216 1302 2252; x_wconf 65' lang='lat' dir='ltr'><strong>to*</strong></span> <span class='ocrx_word' id='word_1_261' title='bbox 1321 2215 1359 2259; x_wconf 72' lang='grc' dir='ltr'><strong>ἐξ</strong></span> <span class='ocrx_word' id='word_1_262' title='bbox 1374 2217 1487 2253; x_wconf 71' lang='grc' dir='ltr'><em>ἔθους</em></span> <span class='ocrx_word' id='word_1_263' title='bbox 1504 2219 1586 2263; x_wconf 67' lang='grc' dir='ltr'><strong>σχῆ-</strong></span> 
     </span>
     <span class='ocr_line' id='line_1_32' title="bbox 272 2273 1586 2334; baseline 0 -22"><span class='ocrx_word' id='word_1_264' title='bbox 272 2303 345 2334; x_wconf 57' lang='lat' dir='ltr'><strong>faa,</strong></span> <span class='ocrx_word' id='word_1_265' title='bbox 376 2281 663 2331; x_wconf 57' lang='grc' dir='ltr'>περιζωσάμενος</span> <span class='ocrx_word' id='word_1_266' title='bbox 694 2283 794 2323; x_wconf 86' lang='lat' dir='ltr'><strong>(cum</strong></span> <span class='ocrx_word' id='word_1_267' title='bbox 819 2275 1067 2321; x_wconf 86' lang='lat' dir='ltr'><strong>subligaculo)</strong></span> <span class='ocrx_word' id='word_1_268' title='bbox 1099 2273 1336 2322; x_wconf 71' lang='grc' dir='ltr'><strong>δημηγορεῖν·</strong></span> <span class='ocrx_word' id='word_1_269' title='bbox 1365 2288 1459 2322; x_wconf 79' lang='lat' dir='ltr'><strong>quae</strong></span> <span class='ocrx_word' id='word_1_270' title='bbox 1495 2278 1586 2313; x_wconf 77' lang='lat' dir='ltr'><strong>hau-</strong></span> 
     </span>
     <span class='ocr_line' id='line_1_33' title="bbox 271 2336 1582 2382; baseline -0.006 -1"><span class='ocrx_word' id='word_1_271' title='bbox 271 2349 363 2382; x_wconf 88' lang='lat' dir='ltr'><strong>sisse</strong></span> <span class='ocrx_word' id='word_1_272' title='bbox 381 2346 565 2379; x_wconf 79' lang='lat' dir='ltr'><strong>videture</strong></span> <span class='ocrx_word' id='word_1_273' title='bbox 583 2339 772 2376; x_wconf 78' lang='lat' dir='ltr'><strong>Plutarch.</strong></span> <span class='ocrx_word' id='word_1_274' title='bbox 794 2336 900 2370; x_wconf 87' lang='lat' dir='ltr'><strong>Nicia</strong></span> <span class='ocrx_word' id='word_1_275' title='bbox 935 2348 966 2369; x_wconf 91' lang='lat' dir='ltr'><strong>c.</strong></span> <span class='ocrx_word' id='word_1_276' title='bbox 995 2340 1027 2373; x_wconf 86' lang='grc'><strong>8.</strong></span> <span class='ocrx_word' id='word_1_277' title='bbox 1053 2341 1092 2369; x_wconf 86' lang='lat' dir='ltr'><strong>et</strong></span> <span class='ocrx_word' id='word_1_278' title='bbox 1111 2336 1263 2370; x_wconf 86' lang='lat' dir='ltr'><strong>Tiberio</strong></span> <span class='ocrx_word' id='word_1_279' title='bbox 1289 2336 1462 2371; x_wconf 83' lang='lat' dir='ltr'><strong>Graccho</strong></span> <span class='ocrx_word' id='word_1_280' title='bbox 1491 2349 1523 2372; x_wconf 85' lang='lat' dir='ltr'><strong>c.</strong></span> <span class='ocrx_word' id='word_1_281' title='bbox 1550 2351 1582 2373; x_wconf 90' lang='lat'><strong>2.</strong></span> 
     </span>
     <span class='ocr_line' id='line_1_34' title="bbox 270 2396 1584 2452; baseline -0.005 -11"><span class='ocrx_word' id='word_1_282' title='bbox 270 2407 378 2452; x_wconf 81' lang='lat' dir='ltr'><strong>Apud</strong></span> <span class='ocrx_word' id='word_1_283' title='bbox 409 2407 597 2439; x_wconf 84' lang='lat' dir='ltr'><strong>Romanos</strong></span> <span class='ocrx_word' id='word_1_284' title='bbox 625 2409 774 2446; x_wconf 85' lang='lat' dir='ltr'><strong>quoque</strong></span> <span class='ocrx_word' id='word_1_285' title='bbox 800 2396 961 2431; x_wconf 83' lang='lat' dir='ltr'><strong>modesti</strong></span> <span class='ocrx_word' id='word_1_286' title='bbox 984 2402 1023 2429; x_wconf 85' lang='lat' dir='ltr'><strong>et</strong></span> <span class='ocrx_word' id='word_1_287' title='bbox 1048 2397 1250 2431; x_wconf 86' lang='lat' dir='ltr'><strong>verecundi</strong></span> <span class='ocrx_word' id='word_1_288' title='bbox 1276 2396 1447 2432; x_wconf 88' lang='lat' dir='ltr'><strong>homines</strong></span> <span class='ocrx_word' id='word_1_289' title='bbox 1476 2399 1584 2434; x_wconf 79' lang='lat' dir='ltr'><strong>brac·</strong></span> 
     </span>
     <span class='ocr_line' id='line_1_35' title="bbox 270 2456 1581 2505; baseline -0.005 -4"><span class='ocrx_word' id='word_1_290' title='bbox 270 2467 396 2501; x_wconf 86' lang='lat' dir='ltr'><strong>chium</strong></span> <span class='ocrx_word' id='word_1_291' title='bbox 430 2470 532 2499; x_wconf 77' lang='lat' dir='ltr'><strong>veste</strong></span> <span class='ocrx_word' id='word_1_292' title='bbox 552 2462 755 2496; x_wconf 73' lang='lat' dir='ltr'><strong>continere</strong></span> <span class='ocrx_word' id='word_1_293' title='bbox 773 2458 956 2493; x_wconf 79' lang='lat' dir='ltr'><strong>solebant.</strong></span> <span class='ocrx_word' id='word_1_294' title='bbox 986 2456 1035 2491; x_wconf 76' lang='lat' dir='ltr'><strong>cf.</strong></span> <span class='ocrx_word' id='word_1_295' title='bbox 1068 2457 1289 2505; x_wconf 78' lang='lat' dir='ltr'><strong>Quintilian.</strong></span> <span class='ocrx_word' id='word_1_296' title='bbox 1318 2459 1409 2493; x_wconf 71' lang='lat' dir='ltr'><strong>Inst-</strong></span> <span class='ocrx_word' id='word_1_297' title='bbox 1433 2469 1489 2494; x_wconf 87' lang='lat' dir='ltr'><strong>or.</strong></span> <span class='ocrx_word' id='word_1_298' title='bbox 1514 2460 1581 2495; x_wconf 84' lang='lat' dir='ltr'><strong>XI.</strong></span> 
     </span>
    </p>
   </div>
   <div class='ocr_carea' id='block_1_5' title="bbox 267 2531 409 2573">
    <p class='ocr_par' dir='ltr' id='par_1_6' title="bbox 267 2531 409 2573">
     <span class='ocr_line' id='line_1_36' title="bbox 267 2531 409 2573; baseline 0 -12"><span class='ocrx_word' id='word_1_299' title='bbox 267 2539 300 2573; x_wconf 80' lang='lat'><strong>5.</strong></span> <span class='ocrx_word' id='word_1_300' title='bbox 334 2531 409 2572; x_wconf 85' lang='lat'>138.</span> 
     </span>
    </p>
   </div>
  </div>
 </body>
</html>
