1706 3058
1380 73 1459 129 257

133 199 250 228 neve
279 177 458 235 liceret,
488 183 673 241 pignora
704 199 728 226 a
760 183 963 226 debitore
991 198 1168 241 capere,
1217 196 1362 239 neque
1391 196 1460 223 res

131 271 231 298 suas
263 269 458 313 repetere
490 273 546 298 ne
578 258 629 297 ab
664 256 716 296 iis
749 255 957 312 quidem,
999 256 1076 313 qui
1110 254 1367 308 judicatum.
1392 252 1458 293 in-

131 338 198 369 tra
240 329 544 383 praestitutam
595 328 710 368 diem
756 342 850 368 non
895 329 1210 380 solvissent²⁴).
1292 329 1460 381 Itaque,

132 401 507 456 quemadmodum
538 403 632 450 jure
664 398 864 454 gentium
899 398 1016 440 inter
1040 403 1224 442 Graecas
1257 395 1459 438 civitates

60 489 67 492 ⁴
129 471 347 512 sancitum
381 481 493 517 erat,
537 480 585 510 ut
617 485 693 524 per
724 474 962 525 ἱερομηνίαν
994 469 1306 511 communium
1329 467 1460 508 festo-

128 557 255 594 rum,
300 539 618 596 Olympiorum
656 551 788 596 puta,
831 540 1142 590 Isthmiorum,
1186 542 1460 582 Nemeorum

125 623 258 669 atque
300 612 587 664 Pythiorum,
632 611 838 654 induciae
884 613 1099 669 quaedam
1142 623 1287 653 essent
1317 609 1458 653 omni-

127 698 213 741 que
246 682 489 724 hostilitate
522 697 621 739 erga
653 697 726 724 eos
759 694 902 733 certe,
945 683 1023 738 qui
1056 685 1110 724 ad
1143 684 1459 724 concelebran—

128 757 235 796 dum
269 755 430 795 festum
464 766 784 802 convenerant,
819 754 1199 808 abstineretur²⁵):
1239 754 1299 795 ita
1332 754 1460 797 civili

126 824 469 870 Atheniensium
501 831 594 878 jure
635 825 827 878 injuriae
870 840 1023 867 omnes
1057 837 1185 882 atque
1216 827 1458 868 certamina

126 898 246 939 inter
283 895 480 954 privatos
531 895 653 938 festis
697 895 972 952 temporibus
1013 912 1090 953 pro
1133 896 1282 953 impiis
1323 909 1458 954 atque

125 968 304 1011 nefariis
335 969 627 1008 habebantur.
690 971 828 1022 Atque
861 978 979 1008 tanta
1005 982 1107 1009 cum
1141 968 1356 1024 religione
1378 972 1455 1011 has

126 1041 247 1096 leges
280 1039 575 1079 observabant
604 1036 921 1091 Athenienses,
964 1050 1012 1079 ut
1042 1042 1290 1080 Menander
1321 1043 1457 1084 Thes-

124 1109 309 1168 piensis,
343 1107 423 1165 qui
455 1125 533 1165 per
563 1107 898 1151 Eleusiniorum
930 1110 1093 1150 festum
1116 1111 1332 1169 Menippo
1365 1115 1457 1156 cui-

127 1184 255 1230 dam,
298 1181 424 1230 Cari,
464 1180 711 1233 judicatum
745 1181 914 1222 solvere
947 1183 1230 1233 detrectanti,
1268 1201 1454 1229 manum

123 1252 356 1304 injecerat,
386 1268 408 1294 a
440 1254 607 1309 populo
634 1254 866 1293 damnatus
899 1251 970 1300 sit,
1003 1267 1026 1293 a
1056 1252 1282 1304 judicibus
1305 1270 1455 1301 autem

123 1335 271 1367 morte
301 1326 541 1365 mulctatus
574 1325 710 1370 foret,
744 1322 791 1364 ni
825 1333 949 1363 actor
981 1323 1078 1379 ipse
1106 1324 1452 1380 intercessisset;

125 1395 239 1437 alius
282 1395 489 1451 quidam,
531 1394 615 1435 filii
652 1393 889 1435 Archontis
928 1397 1165 1450 paredrus‚
1206 1397 1307 1453 quia
1345 1400 1454 1441 Dio-

122 1466 263 1522 nysiis
299 1466 493 1523 aliquem
523 1480 548 1507 e
578 1468 748 1507 theatro
787 1481 864 1522 per
893 1465 990 1507 vim
1022 1470 1208 1518 ejecerat
1238 1481 1282 1511 et
1310 1473 1452 1526 pulsa-

122 1653 209 1675 rum
246 1652 358 1686 quam
393 1640 602 1673 liberorum
626 1638 792 1682 ‘injurias
816 1638 962 1674 institui
985 1646 1124 1685 posset.
1152 1642 1223 1676 vid.
1249 1644 1449 1680 Demosth.

121 1714 160 1749 p.
185 1713 264 1747 529.
315 1703 375 1735 De
400 1702 557 1747 reliquis
583 1701 655 1735 vid.
684 1701 774 1734 ibid.
801 1712 837 1745 p.
864 1711 945 1747 571.
981 1714 1034 1748 sq.
1062 1703 1110 1737 cf.
1139 1704 1338 1739 Demosth.
1365 1706 1448 1741 adv.

120 1763 329 1797 Timocrat.
354 1774 390 1807 p.
417 1775 497 1808 7⁰9·
526 1761 706 1798 ιὶπᾰντων
734 1761 836 1807 ἱμῶν
859 1760 1022 1808 α’γόντων
1048 1760 1281 1809 ιέρομηιίἀν,
1306 1772 1368 1801 καὶ
1392 1766 1452 1803 νό-

119 1839 192 1871 μου
216 1826 405 1870 κειμένου,
430 1820 514 1868 μήτ’
539 1820 614 1867 ἰδίᾳ
640 1820 733 1867 μήτε
755 1822 861 1871 κοινῇ
892 1821 1005 1868 μηδὲν
1029 1821 1206 1868 ἀλλήλους
1237 1823 1378 1865 α’δικεῖν
1413 1829 1453 1864 ἐν

118 1879 237 1928 τοῦτῳ
262 1883 313 1927 τῷ
337 1880 467 1929 χρόνῳ.
525 1883 713 1928 Loquitur
738 1884 784 1918 de
817 1885 968 1918 Saturni
993 1885 1114 1928 festo;
1152 1899 1379 1934 quamquam
1403 1901 1451 1923 an

120 1945 305 1990 προβολαί
328 1945 374 1978 de
398 1945 456 1977 his
482 1955 634 1990 quoque.
657 1943 806 1986 injuriis
830 1945 994 1990 fuerint,
1029 1947 1193 1981 dubitari
1218 1955 1355 1993 potest.

165 2037 224 2081 24)
251 2038 355 2072 Haec
379 2044 555 2071 vetantur
579 2037 746 2082 Euegor-i'
769 2037 870 2082 lege,
903 2038 950 2072 de
986 2041 1179 2086 Dionysiis
1212 2040 1358 2086 magnis
1392 2047 1451 2075 at-

118 2109 193 2143 que
217 2098 424 2141 ruralibus,
452 2098 612 2132 Lernaeis
638 2104 675 2132 et
699 2097 924 2142 Thargeliis.
975 2102 1068 2144 Illa,
1106 2115 1201 2148 quae
1227 2109 1313 2136 ante
1338 2115 1361 2136 a
1383 2114 1449 2137 me

119 2166 416 2192 commemorata
441 2165 548 2200 sunt,
575 2158 849 2204 antiquioribus
885 2162 959 2202 jam
991 2161 1138 2206 legibus
1173 2164 1290 2198 vetita
1325 2170 1446 2205 erant,

117 2217 158 2251 id
183 2219 282 2264 quod
308 2219 476 2253 indicant
500 2226 690 2264 postrema
703 2219 799 2264 Iegis
824 2222 960 2254 verba:
988 2224 1174 2268 προβολαὶ
1195 2220 1316 2258 αὗτῶν
1340 2222 1446 2258 ἔστω-

118 2292 187 2315 σαν
211 2299 256 2304 -
280 2278 386 2315 nasta*
411 2284 495 2324 περὶ
519 2279 594 2314 τῶν
617 2278 738 2316 ἄλλων
761 2280 833 2317 ταῖν
857 2278 1082 2318 ἀδικούντων
1105 2288 1322 2330 γέγραπται.

165 2371 222 2416 25)
249 2371 332 2406 Vid.
358 2371 547 2406 Plutarch.
575 2373 676 2405 Arat.
705 2383 784 2416 cap.
823 2377 878 2411 28·
913 2374 1085 2420 Xenoph,
1121 2376 1272 2410 Hellen.
1308 2377 1372 2411 IV.
1409 2387 1443 2421 5.

116 2430 242 2466 Schol.
270 2432 316 2466 ad
341 2433 513 2468 Aeschin.
541 2444 595 2467 or.
623 2433 669 2466 de
694 2432 775 2466 sals.
803 2433 877 2477 leg.
903 2445 939 2478 p.
969 2446 1042 2481 197·
1078 2435 1248 2481 Thucyd.
1282 2438 1325 2471 V.
1362 2449 1443 2482 cap.

114 2503 171 2537 49.
199 2493 282 2526 Huc
306 2495 499 2538 pertinent
523 2495 636 2529 etiam
661 2495 817 2531 σπονδαὶ
840 2492 1146 2543 μυστηριώτιὸις,
1182 2509 1237 2541 ap.
1265 2499 1440 2534 Aeschin.

112 2552 139 2587 l.
177 2553 203 2587 1.
238 2566 275 2599 p.
310 2566 389 2600 502.
447 2556 559 2590 Plura
592 2555 639 2590 de
668 2555 742 2590 hoc
773 2556 946 2590 instituto
990 2557 1223 2592 commodius
1255 2559 1329 2593 alio
1355 2560 1439 2595 loco

111 2612 294 2649 dicentur.
