1706 3058
281 141 360 188 ¹71

279 245 335 285 ad
366 258 519 286 omnes
550 244 698 291 cives,
739 258 845 285 cum
883 241 1044 299 quibus
1090 258 1280 301 aequum
1320 245 1388 288 ini
1428 257 1494 290 eet
1521 253 1607 306 jus,

278 331 413 372 aequa
445 315 621 356 libertas
653 325 696 355 et
724 313 849 370 quasi
880 318 1100 366 majestas,
1144 314 1371 371 pertinere
1405 317 1603 372 videtur,

277 389 494 441 daturque
527 389 619 436 ejus
642 384 758 426 actio
779 384 974 441 publica,
1003 385 1163 442 ὕβρεως
1192 388 1394 444 γραφή4).
1455 391 1603 432 Multo

276 458 416 514 magis
449 467 598 497 autem
630 455 886 507 homicidia,
916 456 1148 504 veneficia,
1183 459 1368 499 vulnera
1399 471 1503 501 cum
1533 474 1605 501 oc-

276 527 456 570 cidendi
488 526 676 569 consilio
707 527 903 574 inflicta,
948 527 1160 568 incendia
1198 529 1483 584 publicorum
1524 531 1605 572 de-

274 601 485 642 lictorum
526 600 625 647 loco
668 598 885 640 censenda
926 612 1040 646 esse,
1092 614 1168 640 sua
1216 598 1405 655 quisque
1444 611 1605 656 sponte

276 670 499 726 intelligit.
563 672 650 712 Sed
682 669 815 710 etiam
847 669 955 710 furti
987 668 1176 710 crimine
1207 684 1301 710 non
1333 672 1476 711 solum
1508 670 1606 727 pri-

272 742 385 783 vatis
418 744 630 782 damnum
658 740 869 795 infertur,
908 742 983 781 sed
1014 740 1191 796 publica
1222 739 1433 781 securitas
1463 741 1603 782 laedi-

273 824 369 860 tur,
417 813 710 867 quamobrem
742 810 848 851 furti
883 825 1062 867 quoque
1101 810 1216 852 actio
1251 812 1381 852 datur
1408 811 1601 867 publica.

271 888 408 928 Porro
442 884 517 938 qui
549 881 822 924 calumniose
853 881 901 922 in
935 881 1116 922 alterius
1148 881 1430 923 accusatione
1461 897 1602 924 versa-

273 969 370 1005 tur,
404 955 481 1012 qui
514 955 645 995 salsos
677 960 899 1010 κλητῆρας,
932 953 962 997 i.
996 969 1032 994 e.
1066 963 1197 994 testes
1229 952 1277 992 in
1306 956 1374 1005 jus
1404 952 1603 995 vocatio·

271 1027 366 1073 nis,
400 1027 548 1068 libello
581 1039 660 1066 suo
693 1024 920 1073 inscribit,
970 1024 1045 1080 qui
1077 1023 1258 1065 alterius
1288 1037 1456 1064 nomen
1488 1024 1600 1066 falso

273 1098 388 1140 inter
419 1095 608 1138 aerarios
642 1096 799 1147 refert,
840 1094 898 1143 is,
941 1108 1042 1136 cum
1073 1094 1348 1148 judiciorum
1379 1093 1601 1136 rationem

271 1170 502 1227 perturbet
526 1177 654 1222 atque
675 1177 944 1221 corrumpat,
977 1176 1020 1206 et
1038 1163 1320 1220 publicarum
1350 1166 1600 1207 tabularum

271 1238 581 1282 auctoritatem
597 1239 741 1279 elevet
760 1248 891 1292 atque
913 1235 1129 1277 incertam
1151 1238 1318 1292 reddat,
1337 1251 1428 1277 non
1448 1236 1598 1279 minus
1646 1279 1651 1288 ,

270 1311 321 1353 in
353 1310 495 1366 ipsam
528 1307 850 1364 rempublicam
883 1321 1018 1363 quam
1052 1306 1099 1346 in
1130 1307 1435 1349 adversarium
1464 1323 1598 1350 suum

247 1391 446 1440 ‚peccat3
498 1379 687 1435 ideoque
713 1382 821 1420 haec
849 1392 1031 1434 quoque
1056 1376 1212 1418 delicta
1241 1378 1422 1433 publice
1443 1395 1598 1436 perse-

268 1453 440 1511 quenda
454 1460 574 1493 sunt.
608 1448 815 1504 Denique
826 1451 964 1490 malae
977 1459 1223 1499 parentum,
1238 1447 1532 1503 epiclerorum
1553 1462 1599 1494 et

265 1523 544 1584 pupillorum
576 1518 854 1560 tractationis
884 1516 1088 1574 publicae
1126 1516 1326 1559 actiones
1357 1518 1597 1564 institutae

266 1593 422 1650 sunt⁵)‚
454 1590 666 1647 quoniam
690 1601 1039 1632 consentaneum
1061 1599 1137 1637 est,
1169 1590 1221 1629 ab
1244 1602 1312 1637 ee,
1342 1589 1419 1646 qui
1442 1603 1598 1634 contra

266 1676 471 1725 parentes
492 1677 593 1703 suos
607 1661 799 1718 graviter
820 1659 1061 1716 delinquat,
1095 1674 1198 1700 cum
1219 1659 1430 1711 pietatem
1453 1675 1496 1705 et
1512 1666 1594 1705 hu·

266 1737 523 1781 manitatem
538 1733 681 1790 ipsam
694 1733 856 1784 laedat,
879 1730 1053 1790 publice
1066 1744 1228 1786 poenas
1240 1736 1404 1788 repeti3
1437 1748 1596 1778 eorum

266 1822 428 1856 autem,
462 1804 540 1862 qui
575 1820 620 1845 se
652 1801 736 1860 ipsi
769 1813 925 1843 contra
954 1800 1136 1853 iujurias
1168 1811 1210 1843 et
1241 1802 1415 1845 fraudes
1447 1805 1593 1846 defen.

267 1884 369 1924 dere
400 1893 493 1920 non
523 1885 734 1932 possunt,
768 1872 1005 1914 mulierum
1028 1884 1072 1914 et
1101 1872 1353 1924 minorum,
1383 1873 1592 1930 publicae

262 1966 416 1995 curam
448 1947 562 2006 geri,
603 1960 791 2002 aequum
823 1956 887 1986 est
918 1956 963 1986 et
991 1944 1300 1986 necessarium.
1332 1969 1389 1978 —
1445 1948 1592 2003 Atque

261 2027 372 2066 haec
401 2033 521 2062 nunc
553 2015 736 2073 quidem
768 2015 1019 2069 sufficiant3
1061 2015 1215 2057 omnia
1245 2015 1369 2059 enirn
1399 2032 1591 2059 enume-

261 2108 357 2136 rare
387 2093 573 2145 longum
605 2099 683 2130 est.
743 2089 856 2130 Sunt
884 2098 1032 2129 autem
1064 2102 1234 2136 eorum,
1265 2102 1378 2144 quae
1409 2103 1588 2131 enume-

262 2164 353 2207 ravi
397 2162 689 2206 delictorum,
738 2171 932 2214 quorum
979 2157 1186 2214 publicae
1224 2158 1422 2202 actiones
1461 2170 1586 2209 sunt,

260 2239 370 2278 haec
402 2233 448 2273 in
480 2232 577 2272 foro
608 2230 754 2273 Attico
786 2229 995 2271 nomina:
1030 2233 1234 2285 Μοιχεία,
1267 2230 1410 2287 ὕβρις,
1441 2230 1585 2286 φόνος,

307 2363 344 2405 4.)
372 2362 431 2394 De
461 2357 671 2392 actionibus
704 2353 859 2402 ὕβρεως,
893 2353 1013 2391 αἰκίας
1049 2362 1087 2390 et
1119 2357 1336 2402 κακηγορίας
1368 2369 1400 2390 ν.
1428 2355 1584 2392 Herald.

261 2424 418 2459 ObserV.
445 2426 482 2453 et
517 2417 674 2452 Emend.
713 2429 743 2450 c.
777 2422 833 2460 48.
872 2417 926 2460 (in
959 2418 1027 2451 Eu.
1065 2417 1215 2452 Ottonis
1247 2416 1440 2451 Thesauro
1464 2418 1508 2452 T.
1533 2418 1583 2452 R.

258 2486 368 2518 Tom.
398 2483 446 2515 11.
473 2492 508 2524 p.
540 2478 639 2523 1378)
668 2484 705 2511 et
731 2476 845 2519 ejusd.
882 2476 1074 2510 Animadv.
1100 2477 1139 2510 in
1164 2476 1318 2512 Salmas.
1348 2478 1505 2512 Observ.
1534 2477 1582 2512 ad

258 2545 290 2579 Ι.
317 2546 358 2577 A.
386 2548 424 2575 et
448 2541 492 2574 R.
522 2538 601 2572 Lib.
642 2539 690 2570 11.
728 2549 759 2571 c.
786 2550 806 2582 9
831 2557 873 2562 —-
913 2549 965 2582 13.
993 2537 1042 2572 cf.
1069 2538 1139 2571 ΙΙΙ.
1178 2548 1208 2571 c.
1235 2548 1268 2581 5.
1294 2538 1326 2582 §.
1357 2547 1411 2582 15.
1441 2538 1493 2572 16.
1527 2549 1581 2584 ¹7·

304 2612 341 2656 5)
368 2609 451 2642 Vid.
478 2606 629 2641 Hei-ald.
656 2605 847 2641 Animadv.
868 2605 908 2639 in
927 2605 1160 2643 Salmasium.
1183 2605 1268 2640 Lib.
1286 2605 1358 2641 ΙΙΙ.
1384 2617 1417 2640 c.
1442 2617 1495 2650 ις..
1523 2613 1578 2650 15.

258 2681 298 2710 et
321 2673 402 2708 Lib.
431 2671 513 2704 VH.
537 2680 614 2712 cap.
644 2678 697 2711 23.

1690 592 1706 621 ›-

1683 678 1698 695 ἱ
