1706 3058
1283 163 1372 192 xm:

131 253 418 313 Magistratus
443 267 597 312 capere
616 250 771 296 'omnes
788 263 960 311 praeter
988 253 1238 311 postrer'nae
1259 259 1374 301 clas-

50 329 107 372 sis
129 328 248 370 cives
274 339 492 384 poterant,
527 327 587 368 ita
609 336 772 377 tamen,
803 337 851 366 ut
871 324 1140 368 Archontum
1165 327 1372 384 dignitas,

48 414 154 442 curn
188 397 285 439 aliis
318 399 605 453 quibusdam,
639 412 751 453 quae
782 401 992 448 majorem
1027 397 1161 439 fidem
1190 410 1233 439 et
1263 412 1377 454 pru-'

49 469 249 512 dentiam
272 470 582 525 requirebant,
614 465 1123 511 Pentaeosiomedimnis
1156 469 1376 526 relinque-

47 543 233 593 retur*).
301 541 576 595 Archontum
604 554 709 581 vero
743 548 1011 595 potestatem
1044 541 1180 581 Solon
1218 540 1376 583 immi-

45 612 171 660 nuit;
211 627 314 652 nam
335 625 436 652 cum
466 624 591 653 antea
623 625 804 653 omnem
836 610 925 650 fere
958 610 1278 665 rempublicam
1300 615 1371 654 ad-

47 681 378 725 ministrassent
390 684 472 737 **)‚
497 681 688 738 litesque
710 696 790 722 suo
810 681 1020 723 arbitratu
1042 680 1377 740 dijudicassenn

42 752 141 803 ille,
172 746 344 809 praeter
382 767 607 794 sacrorum
645 753 928 809 quorundam
962 749 1268 801 curationem,
1298 755 1376 809 nil

44 826 136 867 fere
159 825 279 866 aliud
299 823 354 864 iis
381 823 586 879 reliquit.
617 822 708 865 nisi
729 834 780 866 ut
801 836 976 870 causas,
1011 836 1034 863 a
1061 836 1106 862 se
1121 822 1247 878 prius
1270 840 1376 867 exa-

45 894 258 944 minatae,
311 894 365 935 ad
401 893 573 947 judices
612 892 917 943 remitterent,
949 892 1220 951 judiciisque
1252 911 1374 952 prae-

50 978 197 1010 essent
210 965 314 1022 ***).

131 1041 196 1080 Ita
225 1035 550 1093 sapientissime
577 1051 601 1078 a
628 1037 789 1079 Solone
830 1047 1073 1094 temperata
1095 1028 1377 1092 'reipublicae

46 1107 214 1157 forma,
247 1118 289 1148 et
308 1122 455 1164 neque
479 1106 723 1150 imminuta
744 1107 878 1150 nimis
903 1108 1190 1164 optimatium
1221 1121 1378 1151 aucto-

47 1178 202 1228 ritate,
236 1190 280 1220 et
309 1177 492 1235 plebejis
535 1181 589 1220 ad
621 1194 719 1221 eam
751 1178 1065 1221 conditionem
1099 1177 1293 1230 evectis,
1324 1191 1379 1222 ut

48 1248 101 1294 ab
134 1249 311 1304 injuriis
342 1260 386 1292 et
416 1248 600 1292 servitio
641 1250 728 1292 tuti
761 1266 904 1308 neque
936 1251 990 1291 ad
1025 1254 1378 1306 corrumpendas

49 1324 377 1380 turbandasque
396 1336 464 1363 res
485 1319 590 1363 satis
618 1322 754 1364 validi
786 1333 952 1372 essent,
984 1322 1156 1365 medius
1191 1323 1379 1380 quidam

91 1465 126 1509 *)
148 1466 206 1498 Ita
233 1477 265 1499 e.
286 1475 321 1510 g.
356 1443 488 1510 ταμίαι
508 1463 570 1509 τῆς
596 1463 691 1502 θεοῦ
726 1476 770 1500 ex
801 1461 1229 1501 Pentacosiomedimnis
1259 1474 1381 1505 erant.

135 1525 280 1559 Pollux,
306 1521 412 1559 VIII.
434 1535 490 1570 97.
535 1526 595 1559 De
611 1525 855 1560 archontibus
878 1526 951 1560 vid.
973 1525 1141 1561 Perizon.
1167 1527 1214 1561 ad
1231 1529 1393 1564 Aeliam

138 1584 182 1616 V.
204 1585 250 1618 H.
272 1585 376 1618 VIII.
411 1597 463 1618 10.

95 1652 149 1696 W)
175 1652 346 1697 Thucyd.
367 1653 396 1686 Ι.
419 1663 450 1685 c.
475 1653 551 1686 126.
580 1649 664 1687 τότε
682 1651 728 1688 ro?
755 1649 874 1689 πολλοὶ
890 1651 965 1688 τοῖν
984 1653 1186 1690 πολιτικῶν
1210 1654 1252 1691 οἶ
1276 1659 1383 1696 ἐννέα

129 1712 333 1757 ’Ἄρχοντες
353 1711 548 1756 ἔπρασσον.
595 1715 689 1746 Sunt
708 1713 802 1745 haec
832 1714 946 1747 verba
971 1725 1016 1747 ex
1035 1726 1079 1748 eo
1109 1715 1215 1758 loco,
1241 1718 1306 1751 ubi
1333 1719 1382 1754 de

139 1772 293 1817 Cylonis
316 1773 428 1806 rebus
460 1778 609 1813 narrat,
644 1772 755 1806 aliter
786 1773 898 1817 paulo
920 1781 1032 1820 atque
1054 1776 1269 1811 Herodotus
1295 1779 1332 1813 1.·
1352 1780 1381 1816 L

139 1833 239 1867 Nam
275 1844 371 1878 quae
418 1830 480 1865 hie
518 1834 698 1876 Prytanes
732 1834 1032 1878 Naucrarmum,
1068 1848 1113 1870 ea
1141 1837 1383 1884 Thucydides

140 1902 278 1927 novem
309 1891 507 1926 *archontes
537 1892 674 1926 fecisse
697 1892 810 1936 dicit;
838 1900 934 1938 quae
959 1907 1019 1928 res
1038 1898 1382 1942 Harpocrationem

140 1949 182 1984 in
201 1948 430 1996 ναυκραρικοί
457 1956 495 1983 et
522 1949 672 1983 Suidam
699 1951 807 1983 Tem.
831 1952 880 1985 II.
908 1964 944 1996 p.
971 1965 1050 1999 599.
1085 1955 1189 1988 Kust.
1221 1957 1380 2003 induxit,

143 2017 186 2044 ut
209 2010 417 2043 Archontes
444 2009 511 2044 illo
543 2017 716 2055 tempore
744 2017 920 2055 prytanes
956 2024 1228 2050 naucrarorum
1261 2016 1382 2055 dictos

142 2081 228 2104 esse
255 2076 442 2114 putarent.
493 2070 567 2105 Sed
593 2080 720 2116 nequo
753 2071 959 2106 verisimile
988 2080 1068 2117 est,
1104 2076 1200 2110 illud
1224 2089 1381 2126 nomen,

144 2130 178 2165 si
205 2141 294 2165 vere
320 2131 568 2166 Archontibus
598 2131 760 2165 inditum
787 2131 940 2176 fuisset,
965 2139 1071 2169 tanta
1101 2137 1292 2174 oblivione
1318 2143 1384 2176 oh·

142 2190 288 2224 scurari
305 2191 484 2236 potuisse,
502 2198 543 2226 ut
560 2204 582 2226 a
601 2192 756 2226 nemine
771 2203 938 2238 unquam
959 2194 1100 2231 diserte
1114 2209 1382 2247 memoratum,

147 2250 210 2293 sit,
238 2262 363 2297 neque
395 2262 485 2296 opus
513 2258 569 2286 est
595 2251 665 2286 hac
686 2254 904 2295 conjectura
921 2255 967 2288 ad
995 2257 1274 2295 conciliandum
1294 2275 1383 2299 cum

142 2307 340 2345 Herodoto
360 2309 630 2357 Thucydidem.
678 2314 808 2348 Potest
832 2313 984 2360 Cylonis
1003 2317 1146 2353 obsidio
1165 2322 1382 2367 Naucraris,

145 2383 357 2418 eorumque
385 2373 615 2419 principibus
650 2386 678 2409 s.
714 2376 936 2421 Prytanibus
969 2377 1144 2413 mandata
1176 2393 1280 2427 esse,
1315 2385 1382 2419 sed

144 2431 217 2474 ita,
243 2439 286 2466 ut
306 2433 539 2469 Archontum
568 2434 728 2480 imperio
757 2442 839 2470 tota
853 2445 913 2472 res
940 2438 1288 2486 administraretur,
1315 2444 1382 2478 ho-

146 2503 308 2539 rumque
327 2495 435 2536 jussis
458 2495 513 2528 illi
530 2503 718 2540 parerent.

103 2560 175 2604 ***)
202 2561 285 2596 Vid.
303 2563 470 2597 Perizon.
493 2564 539 2598 ad
558 2565 765 2601 AelianAEV.
788 2569 834 2603 H.
859 2569 901 2603 V.
918 2576 971 2615 13.
1000 2571 1138 2606 Omnia
1149 2573 1382 2609 Archoutum

149 2634 308 2657 munera
324 2631 571 2658 recensentur
601 2638 622 2661 a
647 2627 825 2675 Polluce,
852 2631 955 2666 VIII.
985 2632 1032 2673 86
1048 2651 1095 2660 -—-
1111 2646 1169 2681 91.
1197 2645 1292 2682 quae
1318 2635 1381 2668 hic

151 2688 328 2729 repetere
342 2693 419 2721 non
433 2692 538 2730 opus
567 2690 636 2722 est·
