1706 3058
279 126 299 152 -2
306 110 358 155 66

276 218 394 260 dices
433 217 670 263 Heliastas‚
719 217 833 272 apud
862 218 944 258 hoo
984 215 1104 258 enim
1144 216 1288 257 habita
1329 224 1393 258 eat
1431 215 1590 269 oratio,

274 289 539 345 alloquitur:
581 289 772 339 Συιιίετε,
821 285 915 331 καθ’
948 286 993 330 ὃν
1023 287 1196 344 τρόπον,
1240 283 1273 329 ὦ
1311 287 1423 342 ἅνδρ.
1479 286 1590 341 Ἀθ.,

277 361 297 405 ὁ
329 361 472 403 Σόλων
502 358 598 408 τούς
626 358 779 412 νόμους
812 358 866 409 ὥς
887 364 1019 408 καλῶς
1039 358 1192 402 κελεύει
1221 362 1399 407 τιθέναι;
1426 361 1593 414 πρῶτον

274 435 345 486 μὲν
384 429 474 486 παρ’
513 427 632 484 ὑμῖν,
683 433 725 473 ἐν
778 437 862 479 τοῖς
903 428 1156 484 ὀμωμοκόσι,
1203 427 1293 484 παρ’
1345 427 1485 485 οἷσπερ
1525 431 1596 473 καὶ

278 505 392 546 τᾶλλα
422 506 628 555 κυροῦται.
689 500 876 542 Etiamsi
909 514 999 541 non
1032 511 1137 541 sunt
1169 499 1250 556 ipsi
1283 502 1594 555 Nomothetae‚

273 588 383 631 quoa
415 572 681 628 alloquitur,
713 584 833 629 patet
865 583 1034 642 tamen,
1068 586 1142 612 eos
1173 570 1411 628 designari,
1443 570 1520 626 qui
1551 582 1596 611 et

275 646 359 702 ipsi
400 655 522 686 erant
561 643 808 690 Heliastae‚
858 641 1135 696 ὀμωμοκότες,
1185 642 1261 697 qui
1300 642 1595 685 Heliasticum

274 717 577 770 jusjurandum
611 715 908 766 dederant⁴0).
972 712 1208 754 Aeschines
1240 714 1476 771 autem⁴¹)‚
1515 714 1595 756 ubi

274 791 327 829 de
359 801 502 828 annua
533 784 616 826 ista
646 787 793 841 legum
826 782 1088 824 recensione
1119 795 1161 824 et
1192 785 1503 828 emendatione
1523 787 1599 828 lo-

275 858 452 916 quitur,
492 871 606 912 quae
637 855 967 896 Thesmothetis
998 857 1201 896 mandata
1235 867 1350 909 erat,
1390 871 1522 912 quam
1555 868 1599 899 et

274 931 414 987 ipsam
454 942 544 969 non
586 926 684 968 sine
724 924 1009 968 Nomothetis
1052 937 1272 982 peractam
1316 942 1423 977 esse,
1465 944 1596 985 supra

273 1001 496 1048 vidimus,
540 996 736 1038 instituti
779 996 900 1038 illius
942 996 1165 1053 originem
1202 997 1336 1038 refert
1374 1001 1428 1040 ad
1468 999 1596 1041 illum

272 1072 596 1125 legislatorem,
633 1067 711 1123 qui
744 1070 1004 1124 popularem
1045 1079 1210 1109 statum
1251 1069 1596 1112 Atheniensibus

275 1141 574 1199 descripserit:
618 1138 695 1182 οὐκ
723 1138 932 1194 ἠμέληται,
972 1138 1133 1195 inquit,
1166 1142 1258 1196 περὶ
1287 1146 1367 1183 τῶν
1398 1141 1618 1197 τοιούτωνἱ

273 1222 332 1275 τῷ
365 1215 585 1271 Νομοθέτῃ
604 1217 659 1269 τῷ
690 1211 761 1263 τὴν
794 1215 1064 1267 δημοκρατίαν
1086 1211 1400 1265 καταστήσαντα
1433 1211 1596 1267 quibus

272 1286 419 1330 verbis
452 1283 551 1341 quis
582 1283 691 1325 alius
724 1297 857 1338 quam
899 1283 1033 1324 Solon
1077 1280 1295 1336 designari
1336 1281 1510 1337 possit?
1543 1307 1599 1316 -

273 1361 480 1404 Ceterum
510 1369 566 1394 an
598 1352 744 1395 omnis
780 1354 929 1408 legum
971 1353 1091 1408 apud
1132 1353 1421 1394 Nomothetas
1454 1354 1600 1395 feren-

276 1433 432 1471 darum
463 1426 905 1483 abrogandarumque
947 1422 1058 1464 ratio
1096 1436 1274 1478 prorsus
1315 1424 1369 1464 ad
1407 1425 1598 1467 eundem

274 1501 461 1543 modum
492 1513 515 1539 a
546 1498 710 1540 Solone
743 1494 956 1546 descripta
989 1492 1063 1545 sit,
1094 1509 1227 1550 quem
1258 1508 1309 1534 ex
1338 1498 1600 1538 Demosthe·

272 1589 329 1617 ne
361 1568 683 1628 cognovimus,
716 1565 926 1623 equidem
958 1563 1179 1606 affirmare
1209 1578 1301 1605 non
1334 1566 1487 1610 ausim.
1545 1569 1601 1610 1}-

274 1647 422 1686 lorum
454 1639 636 1698 quidem
668 1639 1045 1694 fragmentorum,
1088 1651 1199 1691 quae
1239 1635 1288 1677 in
1319 1636 1599 1681 Timocratea

276 1724 468 1768 exstant,
502 1708 804 1775 ‘recentiorem
844 1705 1022 1749 Solonis
1066 1718 1206 1748 aetate
1249 1708 1436 1751 formam
1465 1721 1600 1767 atque

276 1784 523 1828 orationem
564 1794 654 1823 esse
695 1789 895 1836 apertum
943 1788 1020 1821 est.
1091 1779 1304 1835 Idemque
1346 1781 1401 1821 de
1442 1782 1598 1825 ceteris

276 1949 354 1984 sive
377 1960 399 1982 a
422 1947 563 1992 populo
589 1944 799 1980 mandatam
823 1943 986 1977 habeant
1009 1942 1138 1987 legum
1156 1943 1514 1980 conscribendarum
1529 1956 1596 1991 po-

275 2016 472 2050 testatem,
509 2008 611 2042 velut
655 2006 790 2047 Solon,
831 2005 919 2038 dein
954 2003 1000 2038 de
1025 2004 1175 2037 selectis
1200 2003 1274 2037 illis
1299 2005 1500 2048 Heliastis,
1533 1992 1598 2053 qui

275 2071 406 2117 populi
429 2068 603 2103 mandato
630 2072 668 2100 et
691 2065 843 2099 nomine
868 2064 914 2098 de
937 2064 1134 2109 rogatione
1165 2064 1397 2108 judicabant,
1433 2065 1597 2112 denique

277 2132 324 2166 de
358 2133 439 2175 ipso
470 2129 610 2174 populo
642 2128 731 2172 (vid.
766 2125 880 2159 Wolf.
912 2125 1086 2170 Prolegg.
1112 2124 1158 2158 ad
1192 2125 1338 2169 Leptin.
1365 2137 1401 2170 p.
1429 2128 1594 2166 CXXVI.

279 2199 358 2227 not.
388 2191 480 2235 123.)
507 2190 559 2223 ita
583 2190 808 2233 Νομοθέτας
831 2197 982 2232 quoque
1007 2197 1083 2219 non
1108 2185 1229 2219 minus
1254 2186 1418 2230 privatos
1445 2186 1519 2220 dici
1542 2188 1598 2222 le.

278 2265 368 2300 gum
392 2253 552 2291 latores,
586 2260 698 2295 quam
723 2247 930 2288 Heliastas,
966 2246 1029 2291 qui
1055 2246 1100 2280 de
1124 2245 1180 2278 his
1204 2246 1351 2290 legibus
1373 2246 1514 2288 judices
1540 2260 1597 2283 se-

278 2315 428 2349 debant.
477 2313 535 2346 Ita
559 2310 598 2343 in
623 2309 861 2343 Timocratea
883 2318 960 2341 non
984 2307 1100 2342 semel
1124 2306 1355 2341 Timocrates
1380 2318 1425 2341 eo
1444 2309 1600 2344 nomine

280 2375 512 2422 appellatur,
549 2370 637 2415 (vid.
664 2381 698 2404 e.
725 2380 759 2414 g.
785 2380 820 2414 p.
848 2368 944 2415 733.)
972 2373 1010 2401 et
1033 2373 1162 2401 nostro
1188 2366 1301 2401 etiam
1324 2367 1408 2402 loco
1433 2369 1596 2413 privatos

277 2439 406 2482 legum
429 2434 579 2473 latores,
604 2442 681 2464 non
704 2428 1016 2464 Nomothetarum
1037 2427 1236 2462 consilium
1259 2427 1421 2474 intelligi
1445 2429 1598 2474 debere,

278 2497 396 2543 quivis
430 2492 541 2527 facile
575 2490 728 2524 videbit.

328 2580 388 2624 40)
417 2577 476 2612 Cf.
502 2573 619 2608 Wolf.
645 2574 819 2618 Prolegg.
844 2572 891 2606 ad
916 2573 1023 2618 Lept.
1050 2578 1126 2608 not.
1155 2583 1231 2617 ¹44·

327 2650 386 2693 4¹)
412 2645 500 2681 Adv.
528 2643 762 2689 ctesiphont.
789 2653 824 2687 p.
850 2653 930 2688 429.
958 2648 1048 2676 extr.
