1706 3058
272 123 355 166 260

273 244 366 272 non
398 227 655 279 exponitur3
696 224 812 282 ipsas
843 234 992 267 autem
1021 228 1141 282 leges
1174 227 1228 267 de
1260 227 1348 268 hoc
1377 227 1600 268 Thesmo-

271 304 496 343 thetarum
543 296 694 338 officio
726 312 749 338 a
780 296 921 339 scriba
953 296 1133 354 quidem
1164 294 1341 337 recitari
1372 296 1600 348 jndicibus

271 375 418 426 jubet,
463 370 539 410 sed
584 367 831 410 adscribere
861 367 1122 426 supersedit.
1194 368 1314 423 Quas
1347 367 1384 408 si
1415 371 1601 410 habere-

269 456 394 488 mus,
429 441 655 481 tolleret-ur
686 451 804 482 certe
831 440 914 481 ista
947 437 1192 487 dubitatio,
1226 453 1336 494 quae
1366 453 1487 479 nunc
1515 453 1600 480 no-

269 515 339 556 bis
372 510 586 563 injicitur,
624 512 820 554 fueritne
851 513 959 552 haec
990 511 1140 567 legum
1171 524 1359 550 censura
1389 523 1490 550 cum
1525 508 1601 550 illa

271 589 431 638 altera,
468 584 522 625 de
554 597 637 639 qua
669 583 805 624 modo
836 581 978 623 locuti
1012 595 1190 629 sumna,
1231 586 1487 634 conjuncta,
1522 594 1601 623 eo-

271 659 462 711 demque
496 666 694 709 tempore
724 653 876 710 peragi
908 652 1063 700 solita,
1093 665 1149 693 an
1179 651 1377 700 diversa,
1421 652 1602 707 alioque

268 739 472 782 ternpore
513 726 728 767 habenda.
798 726 873 765 Illa
915 721 1133 765 sententia
1176 725 1220 764 F.
1264 724 1311 765 A.
1353 723 1598 776 Wolf1029),

268 803 378 842 haec
406 795 555 840 Petito
587 795 756 852 placuit
774 801 842 846 ³⁴²),
886 804 930 836 et
958 793 1072 835 mihi
1116 807 1294 849 quoque
1326 792 1601 848 probabilior

268 870 459 912 videtur.
539 869 653 909 Nam
692 880 794 908 cum
835 865 918 908 ista
956 864 1081 921 prior
1120 864 1315 905 recensio
1357 866 1600 905 Hecatom-

268 945 440 984 baeone
471 954 623 981 mense
655 938 803 988 fieret,
845 941 972 988 cujus
1017 934 1088 976 die
1120 933 1264 990 primo
1297 936 1602 976 Thesmothe-

269 1025 340 1055 tae
381 1024 547 1053 munus
586 1024 718 1051 suum
769 1008 1135 1064 auspicabantur,
1185 1007 1444 1061 persuadere
1484 1004 1599 1047 mihi

269 1098 363 1126 non
400 1096 613 1138 possum,
663 1092 756 1121 tam
806 1081 940 1121 breve
984 1076 1198 1133 temporis
1244 1077 1435 1131 spatium
1476 1081 1598 1118 tanto

267 1168 447 1211 tamque
476 1166 662 1209 operoso
693 1148 874 1207 negotio
900 1151 1051 1190 datum
1077 1161 1181 1188 esse.
1243 1146 1334 1203 Qui
1359 1147 1476 1187 enim
1503 1146 1601 1188 fieri

265 1226 442 1285 potuit,
492 1236 542 1265 ut
582 1238 714 1265 omne
753 1224 903 1278 legum
944 1233 1103 1275 corpus
1144 1217 1260 1258 intra
1302 1228 1389 1257 tam
1430 1231 1598 1272 paucos

269 1301 362 1341 dies
387 1305 590 1339 accurate
611 1292 974 1349 pervestigarent,
1007 1301 1049 1332 et
1070 1289 1108 1330 si
1141 1288 1248 1344 quid
1267 1288 1444 1339 inesset,
1476 1287 1600 1343 quod

267 1369 517 1412 tollendum
554 1363 805 1410 videretur,
855 1359 1148 1401 invenirent?
1191 1374 1299 1400 cum
1341 1357 1599 1414 praesertim

267 1455 365 1483 non
406 1436 514 1479 huic
560 1434 640 1475 uni
682 1431 866 1489 negotio
908 1442 1139 1483 vacarent,
1179 1431 1254 1472 sed
1293 1429 1376 1470 alia
1419 1443 1600 1486 quoque

268 1510 467 1570 plurima
508 1518 552 1549 et
591 1502 863 1546 difficillima
907 1502 1193 1546 sustinerent.
1273 1502 1421 1542 Multo
1458 1499 1600 1556 igitur

271 1581 415 1638 magis
445 1587 794 1622 consentaneum
827 1586 939 1623 erat,
972 1577 1053 1616 sub
1086 1572 1221 1614 finem
1252 1571 1372 1620 anni,
1404 1587 1507 1613 cum
1527 1573 1599 1613 vel

271 1652 373 1711 ipso
404 1648 681 1703 judiciorum
711 1662 798 1687 usu
836 1645 1153 1686 accuratiorem
1187 1646 1338 1701 legum
1369 1641 1597 1700 cognitio-

271 1738 374 1765 nem
405 1720 491 1762 sibi
521 1727 869 1773 comparassent,
909 1730 1141 1757 censuram
1181 1730 1330 1765 earum
1366 1725 1411 1756 et
1442 1729 1598 1756 emen-

271 1793 496 1837 dationem
517 1792 569 1833 ab
601 1788 656 1830 iis
688 1787 919 1844 expectari.
980 1788 1080 1837 Sed,
1113 1796 1393 1842 utracunque
1423 1791 1598 1829 senten-

272 1927 393 1961 esset‚
426 1918 606 1953 aoristum
637 1922 787 1959 tempus
820 1913 947 1946 locum
978 1903 1121 1947 habere
1155 1918 1268 1958 puto,
1303 1912 1369 1947 sed
1407 1913 1592 1948 futurum,

1700 1241 1706 1270 ,Α
1682 1040 1706 1207 Α’..νιέᾰ
1687 850 1706 1001 ,ΔΗ-ἶ.
1704 799 1706 801 ,
1701 753 1703 757 .

1688 1735 1706 1915 &LA-n...
1700 1635 1706 1717 -..„-=

269 1982 401 2017 Potius
426 1979 467 2013 in
489 1979 587 2011 hanc
620 1974 847 2010 sententiam
878 1971 1041 2014 inclino,
1077 1971 1292 2019 ἐπιγράφειν
1323 1973 1361 2007 h.
1395 1973 1422 2007 1.
1450 1973 1596 2009 dictum
1631 1970 1633 1973 ”
1686 2011 1692 2022 4

272 2055 356 2078 esse
391 2053 460 2086 pro
486 2049 554 2081 e0,
589 2035 690 2083 quod
714 2035 802 2068 alias
826 2034 984 2067 solenne
1009 2039 1085 2067 est:
1111 2029 1341 2080 προγράφειν
1364 2033 1454 2079 (vid.
1479 2035 1591 2069 Dem.

273 2103 322 2137 de
347 2102 430 2136 fals.
455 2101 529 2145 leg.
564 2098 660 2144 399.)
688 2102 726 2130 et
749 2096 958 2140 νομοθέτας
989 2092 1205 2141 ἐπιγράφειν
1235 2094 1404 2129 breviter
1435 2094 1594 2138 dictum,

270 2175 365 2209 pro:
393 2160 593 2196 ecclesiam
619 2157 665 2191 de
697 2155 935 2189 Nomothetis
959 2154 1170 2189 hahendam
1194 2167 1300 2198 esse,
1332 2155 1374 2188 in
1396 2155 1596 2199 Program-

270 2230 372 2259 mate
397 2222 573 2256 scribere.
589 2238 634 2244 —
667 2218 775 2262 Quae
799 2221 1008 2260 sequuntur
1031 2215 1129 2260 apud
1154 2215 1398 2249 Aeschinem:
1424 2220 1484 2250 καὶ
1511 2213 1594 2251 τοδε

270 2284 340 2330 μὲν
363 2281 528 2325 α’ναιρεῖν
550 2278 625 2314 τῶν
646 2274 793 2322 νόμων,
824 2273 908 2311 τοῦς
938 2272 977 2310 δὲ
1001 2276 1254 2317 καταλείπειν,
1290 2287 1311 2309 a
1333 2275 1593 2320 praecedenti-

266 2344 337 2378 bus
373 2339 603 2385 sejungenda
637 2343 742 2371 sunt:
788 2345 914 2380 neque
946 2335 1047 2369 enim
1079 2334 1124 2369 ad
1158 2335 1358 2370 ecclesiam
1390 2332 1595 2383 neque'ad

268 2403 478 2448 Epistatam
501 2400 714 2444 pertinent,
745 2396 811 2430 sed
835 2395 881 2428 ad
904 2395 1151 2430 Nomothetas
1166 2421 1175 2438 ‚
1208 2397 1338 2441 populi
1361 2398 1482 2440 jussu,
1507 2403 1594 2442 pont

266 2463 372 2497 illam
396 2460 616 2502 ecclesiam,
652 2456 946 2493 constituendos.
1003 2457 1138 2503 Itaque
1168 2467 1246 2491 non
1283 2454 1490 2506 ὅπωστιγμῇ
1524 2455 1592 2492 sed

267 2526 359 2571 μέσῃ
381 2520 514 2570 στιγμῇ
543 2517 887 2564 interpungendum
923 2522 991 2551 est.

312 2592 371 2637 29)
400 2592 442 2624 L.
468 2590 493 2623 l.
518 2601 553 2634 p.
582 2590 655 2623 CL.

310 2659 369 2703 30)
395 2659 512 2704 Legg.
540 2657 651 2692 Attic.
678 2667 714 2700 p.
745 2660 819 2701 187.
