1706 3058
240 141 319 196 196

242 245 356 302 apud
387 246 602 300 populum
642 243 783 282 factus
823 251 888 281 est
918 255 941 281 a
981 244 1145 296 collega
1175 257 1256 282 suo
1288 247 1478 296 Leonte,
1519 259 1563 291 et

243 328 438 359 extremo
468 311 688 368 supplicio
727 311 993 368 ass'ectusw),
1023 335 1080 345 -.
1137 314 1243 354 Erat
1272 325 1421 357 autem
1453 322 1563 370 ejus·

243 386 370 431 modi
404 383 669 425 delictorum
700 380 836 423 etiam
869 381 1092 424 ordinaria
1134 382 1383 433 accusatio,
1426 389 1563 444 γραφὴ

243 452 660 511 mwcmpaeesssiagv),
691 464 762 500 ut,
795 463 939 494 utram
968 455 1125 494 harum
1147 453 1376 496 actionum
1407 456 1568 513 eligere

245 530 404 578 vellet,
445 524 639 565 liberum
669 533 784 564 esset
813 523 1080 570 accusatori,
1124 535 1258 580 prout
1287 537 1365 566 aut
1393 527 1567 583 gravius

247 610 323 640 aut
352 594 497 638 levius
530 593 743 636 delictum
775 609 869 636 esse
901 593 1198 642 existimaret,
1242 607 1317 636 aut
1348 599 1463 640 hauc
1491 602 1564 640 vel

246 669 371 711 illam
408 665 501 708 suis
543 676 620 707 aut
661 664 932 721 reipublicae
982 664 1228 706 rationibus
1267 668 1408 724 magis
1451 684 1567 712 con·-

1658 386 1666 396 x

1692 398 1706 478 ΔΔ·
1696 383 1697 388 ⁴

247 755 415 784 ventre.

331 815 494 863 Porta,
535 808 573 850 si
605 807 704 864 quis
747 819 893 850 orator
922 807 1085 864 populo
1116 808 1230 848 male
1261 821 1304 851 et
1333 812 1567 867 perfidiose

248 880 537 926 consuluisse,
559 890 636 920 aut
650 879 969 934 rempublicam
992 877 1191 920 consiliis
1207 879 1299 921 suis
1325 881 1372 923 in
1394 884 1567 939 pericu-

250 955 343 995 lum
369 962 411 992 et
433 949 675 1007 perniciem
698 949 927 991 induxisse
956 950 1197 998 videretur,
1231 953 1360 1004 hujus
1393 969 1572 1010 quoque

247 1021 467 1070 criminis,
500 1023 621 1076 quod
642 1035 746 1063 sane
768 1020 942 1062 varium
962 1035 1011 1062 ac
1032 1020 1260 1075 multiplex
1285 1023 1470 1066 existere
1489 1028 1567 1081 po-¹

251 1094 354 1142 tuit,
379 1107 522 1148 neque
544 1094 597 1132 de
619 1091 846 1133 communi
870 1106 919 1133 ac
937 1090 1110 1148 vulgari
1124 1090 1387 1133 delictorum
1410 1109 1570 1150 genere

248 1161 434 1210 censeri,
470 1166 714 1218 εἰσαγγελίαν
734 1161 873 1203 fuisse
897 1161 1088 1217 legimus
1111 1162 1229 1216 apud
1252 1163 1486 1208 Pollucem
1499 1170 1567 1221 ⁸²).

252 1237 398 1290 Atque
419 1235 506 1274 huc
530 1233 642 1274 illud
670 1247 849 1288 quoque
872 1232 1082 1288 pertinet,
1106 1233 1230 1287 quod
1250 1236 1571 1279 Demosthenes

249 1315 385 1358 atque
402 1306 613 1344 Isocrates
636 1313 865 1348 testantur.
898 1304 1039 1359 legem
1061 1301 1213 1349 fuisse,
1240 1313 1303 1350 ut,
1334 1305 1411 1359 qui
1432 1307 1571 1363 popu'-

252 1377 349 1418 lum
373 1371 492 1414 falsis
515 1373 762 1428 promissis,
796 1372 1040 1414 mendaciis
1065 1382 1106 1412 et
1128 1371 1364 1414 calumniis
1389 1375 1436 1416 in
1458 1377 1571 1420 frau-
1701 1397 1706 1431 ς

253 1448 354 1487 dem
373 1442 668 1491 induxissent,
699 1458 779 1499 per
809 1446 1054 1499 εἰσαγγελίαν
1085 1449 1469 1499 ἢοειιεεῑεηωῐυ).
1511 1476 1518 1485 2

339 1518 522 1558 Restant
553 1515 768 1568 quaedam
803 1517 1058 1576 εἰσαγγελιῶν
1081 1514 1291 1569 exempla,
1325 1528 1436 1570 quae
1454 1531 1575 1572 prae·
1699 1555 1706 1576 Ἰ

250 1585 386 1630 terite
417 1586 545 1630 nolo,
588 1583 782 1625 breviter
822 1595 969 1625 autem
1013 1582 1209 1640 attigisse
1244 1583 1347 1625 satis
1386 1587 1571 1644 habebo·
1695 1592 1703 1609 ‘

251 1659 457 1705 Primum
500 1666 564 1696 est
608 1657 725 1711 apud
765 1657 1137 1704 Demosthenem,
1185 1655 1235 1696 in
1284 1645 1487 1698 oratione
1524 1657 1574 1700 in
1692 1636 1706 1716 2

250 1731 553 1785 Euergum⁸⁴).
629 1727 785 1766 Narrat
832 1725 895 1766 ibi
937 1725 1000 1776 is,
1049 1725 1125 1766 cui
1167 1725 1326 1781 scripta
1364 1737 1430 1768 est
1467 1729 1575 1770 haec
1683 1718 1706 1831 ξ

253 1799 424 1848 oratio,
453 1813 521 1845 se,
553 1795 845 1836 trierarchum
886 1806 930 1836 et
959 1795 1225 1848 symmoriae
1263 1811 1366 1837 suae
1398 1808 1573 1840 curato-—

256 1887 373 1919 rem,
427 1883 531 1911 cum
571 1881 594 1909 a
633 1867 950 1922 Theophemo,
1004 1865 1082 1922 qui
1131 1858 1259 1907 antea
1309 1865 1573 1911 trierarchus
1610 1886 1617 1905 ι
1682 1837 1706 1982 ³

247 1984 254 2057 L
300 2011 359 2052 80)
386 2006 582 2043 Demosth.
617 2007 642 2042 1.
669 2007 693 2041 Ι.
718 2017 753 2052 p.
787 2017 866 2052 350-
894 2012 970 2052 383.
997 2018 1076 2052 400.

243 2128 247 2133 ,
299 2095 358 2136 8¹)
387 2090 632 2127 Ordinarium
657 2090 704 2124 de
727 2091 860 2136 legatis
885 2091 1064 2134 judicium
1074 2090 1244 2136 generali
1267 2089 1422 2125 nomine
1438 2087 1571 2135 εὖθ’ὖνη

253 2160 318 2187 aut
351 2151 489 2189 εἷίθιννα
524 2153 749 2194 vocabatur,
782 2153 1026 2186 exercebatur
1065 2158 1191 2186 autem
1223 2157 1288 2185 aut
1319 2152 1365 2185 ab
1395 2150 1571 2184 Heliastis

251 2220 316 2247 aut
341 2214 386 2246 ab
413 2212 619 2256 Euthyni53
655 2218 693 2246 et
725 2213 790 2257 qui
822 2212 859 2244 in
885 2213 1067 2254 ejusmodi
1101 2213 1284 2255 judicium
1316 2211 1482 2254 legatum
1505 2210 1573 2244 ali»

254 2283 369 2318 quem
401 2271 571 2313 adduxit,
603 2272 635 2305 is
669 2283 755 2306 eum
778 2267 1014 2316 ,παρανόμων
1052 2272 1271 2319 γράψασθαι
1300 2271 1502 2304 dicebatur.
1537 2282 1568 2303 v.

251 2332 325 2365 Iul.
352 2331 482 2365 Pollux
509 2332 611 2365 v111.
636 2341 693 2375 45.
713 2332 770 2374 46.
802 2331 1061 2367 cf.Demosth.
1096 2333 1130 2367 d.
1157 2332 1183 2367 f.
1209 2333 1234 2366 l.
1261 2343 1298 2376 p.
1323 2341 1401 2376 374.
1428 2337 1466 2365 et
1489 2330 1568 2375 565.

253 2392 434 2436 Harpocr.
463 2402 490 2424 s.
519 2404 550 2424 v.
579 2390 742 2428 εὔθυναι.

297 2462 356 2502 82)
390 2460 493 2492 vul.
527 2469 582 2502 52.

299 2529 359 2572 83)
385 2527 582 2560 Demosth.
618 2528 656 2561 in
689 2527 853 2562 Timoth,
891 2540 925 2572 p.
965 2540 1061 2572 ¹204·
1097 2527 1145 2562 cf,
1170 2527 1219 2561 id.
1245 2527 1327 2561 adm
1356 2527 1502 2572 Leptin.
1529 2539 1566 2572 p.

254 2593 332 2634 487.
359 2592 438 2632 498.
466 2587 577 2623 Petit.
604 2588 719 2632 Legg.
745 2591 821 2622 Att.
847 2600 882 2632 p.
909 2599 987 2636 527.
1014 2600 1094 2634 sqq.
1129 2589 1281 2623 Isocrat.
1316 2587 1364 2623 de
1397 2587 1564 2624 Per-mut.

292 2657 353 2699 84)
378 2656 488 2690 Dem.
517 2655 556 2689 in
579 2655 716 2701 Euerg.
743 2669 779 2702 p.
808 2668 889 2702 1149
918 2675 959 2684 —
985 2667 1075 2701 ¹¹5²-
