1706 3058
1348 69 1442 130 559

108 183 270 233 perant.
329 172 413 213 Sed
443 168 573 212 liberi
607 182 787 218 eorum,
832 183 882 211 ex
921 171 1065 214 Attica
1106 171 1205 222 cive
1233 173 1436 230 legitimo

110 243 402 288 matrimonio
425 241 658 298 procreati,
692 243 775 285 hac
799 255 978 299 quoque
1008 256 1129 300 parte
1160 243 1340 300 reliquis
1371 247 1438 289 ci-

106 300 240 358 nvibus
282 310 662 372 aequabantur⁴²).
1346 306 1348 308 ’

195 535 317 574 Haec
349 532 542 576 fuerunt,
577 542 689 584 quae
722 529 775 568 de
809 512 1097 570 comitiorur'n
1130 541 1343 586 potestate
1373 547 1435 577 re-

109 617 301 658 gumque
323 601 370 643 in
404 601 460 642 iis
495 611 775 642 tractatarum
808 598 1043 655 generibus
1076 600 1262 642 dicenda
1284 604 1433 649 habui.

105 676 200 718 Jam
235 672 360 714 facile
392 687 471 729 pro
505 688 549 714 se
583 670 767 728 quisque
802 687 852 712 ex
885 669 953 711 his
986 674 1192 715 omnibus
1224 675 1435 732 colligere

104 743 300 802 poterit,
337 754 381 783 et
416 758 547 798 quam
593 743 680 784 late
720 740 903 783 Athenis
935 743 1130 797 patuerit
1161 745 1332 789 civium
1363 752 1434 800 jus

107 826 240 871 atque
270 813 471 861 libertas,
516 824 558 854 et
590 824 804 868 quantum
839 812 942 855 inde
974 826 1047 855 aut
1090 818 1433 866 commodorum

107 899 184 929 aut
224 885 360 941 magis
406 883 540 925 etiam
582 883 970 926 incommodorum
1021 885 1068 927 in
1111 888 1435 943 rempublicam

105 959 353 1000 redundare
386 956 645 1012 oportuerit.
707 959 862 1012 Neque
894 955 1016 998 enim
1035 960 1234 1013 profecto
1265 961 1434 1017 absque

104 1028 180 1070 illa
211 1028 415 1070 libertate
446 1029 641 1068 Athenae
673 1042 898 1082 unquam,
933 1038 1100 1077 tantae,
1139 1042 1330 1084 quantae
1364 1035 1431 1075 fu„

105 1112 261 1147 erunt,
295 1101 432 1140 factae
464 1110 618 1147 essent,
654 1099 802 1139 Hellas
826 1097 873 1137 in
895 1099 1092 1147 Hellade,
1124 1101 1278 1142 lumen
1302 1106 1430 1146 Grae-

105 1171 200 1212 ciae
232 1185 280 1211 ac
311 1168 607 1226 praesidium,
648 1172 730 1212 αἵτε
759 1170 935 1222 λιπαραὶ,
966 1178 1018 1208 ut
1046 1167 1260 1213 Pindarus
1292 1175 1428 1224 canit,

104 1245 174 1286 καὶ
203 1240 385 1296 ἀοίδιμοι
407 1239 609 1292 Ἑλλάδος
639 1239 784 1297 &estod
814 1238 1005 1283 Ἀθᾶναι.
1067 1243 1223 1297 Neque
1243 1243 1429 1287 mirare..

103 1328 203 1354 mus
257 1325 378 1353 nunc
429 1326 509 1352 nos
562 1323 651 1353 tam
701 1312 841 1352 multa
890 1322 1069 1366 tamque
1118 1315 1335 1367 praeclara
1385 1328 1430 1359 et

102 1398 334 1438 nunquam
364 1381 469 1422 satis
503 1385 787 1424 memoranda
819 1381 1038 1434 facinora3
1075 1397 1166 1423 non
1199 1387 1428 1429 Maratho-

101 1453 233 1496 nium
265 1453 377 1494 illud
408 1464 657 1509 tropaeum,
690 1468 781 1496 non
811 1454 980 1510 fugatas
1011 1467 1035 1492 a
1065 1453 1264 1508 pauculis
1297 1459 1426 1500 Grae-

103 1539 259 1568 corum
290 1523 475 1580 navigiis
517 1524 641 1565 mille
680 1527 967 1566 barbarorum
999 1538 1160 1573 nave83
1203 1541 1292 1567 non
1323 1530 1427 1571 Pla-

100 1606 223 1638 taeae
254 1595 612 1650 praedicarentur
642 1610 788 1651 neque
819 1596 993 1651 gemina
1026 1597 1080 1636 ad
1109 1599 1426 1650 Eurymedon..

101 1678 194 1710 tem
224 1665 420 1712 victoria.
451 1690 507 1698 --
566 1667 684 1723 Quid
714 1678 782 1708 tot
814 1665 888 1707 illa
916 1666 1110 1723 egregi-ia
1128 1665 1291 1710 artium
1322 1669 1424 1728 ἀρε-

99 1752 147 1780 ra
177 1751 435 1785 memorem,
469 1753 656 1794 quarum
688 1736 820 1779 etiam
851 1752 974 1779 nunc
1005 1737 1180 1779 mutilas
1211 1739 1423 1796 reliquias

98 1807 205 1851 satis
237 1807 444 1850 admirari
476 1824 567 1851 non
597 1810 866 1865 possumus?
907 1807 991 1850 Ubi
1023 1823 1154 1856 vern,
1186 1808 1273 1851 nisi
1293 1814 1423 1856 Athe—

97 1879 170 1922 nis
210 1877 419 1920 divinum
460 1878 571 1920 illud
608 1879 923 1921 Demosthenis
966 1878 1194 1935 eloquium
1236 1883 1421 1927 formari

97 1949 270 2009 potuit,
319 1949 398 1990 ubi
438 1951 589 1992 ludere
633 1948 881 1991 Gratiarum
915 1948 1118 2002 deliciae,
1161 1950 1424 2011 Aristopha-

98 2021 210 2064 nes?
243 2019 384 2076 quid?
416 2023 639 2070 Socrates,
671 2019 759 2061 nisi
789 2019 938 2062 liberis
968 2019 1174 2068 Athenis,
1217 2035 1292 2065 aut
1324 2043 1419 2071 non

97 2090 346 2138 exstitisset,
381 2102 458 2132 aut
486 2091 600 2134 alius
633 2089 885 2132 exstitisset.
942 2093 1109 2133 Rursus
1141 2095 1300 2149 absque
1330 2096 1420 2139 im..

98 2161 276 2206 modica
308 2160 382 2202 illa
413 2160 614 2203 libertate
656 2177 800 2216 neque
838 2163 950 2203 bella
981 2163 1128 2204 forent
1159 2175 1247 2206 tam
1278 2170 1419 2211 multa

98 2244 190 2275 tam
220 2231 377 2274 leviter
407 2244 620 2288 suscepta,
653 2248 796 2289 neque
828 2247 1092 2275 concussum
1127 2234 1418 2282 immoderata

98 2302 278 2361 imperii
318 2301 529 2359 cupidine
580 2305 785 2346 Graeciae
835 2306 994 2356 robur,
1042 2321 1183 2362 neque
1232 2310 1413 2352 Cleonis

99 2385 176 2416 aut
206 2373 493 2429 Cleophontis
525 2374 794 2430 impudentia
824 2373 978 2432 populi
1011 2375 1158 2418 favore
1179 2378 1416 2432 floruisset,

96 2459 241 2500 neque
286 2445 460 2502 egregia
512 2445 727 2488 Miltiadis
767 2448 930 2500 virtus,
988 2447 1194 2491 Aristidis
1230 2451 1412 2503 justitia,

142 2600 202 2645 42)
231 2599 297 2634 Or.
321 2598 362 2634 in
386 2598 521 2636 Neaer.
549 2611 586 2648 p.
616 2612 713 2650 ιδῃ.
