1706 3058
1414 121 1438 137 ,-

1359 121 1440 165 16³

102 247 184 292 pro
213 236 392 290 perJuro
423 225 577 272 haberi
606 229 763 286 possis.
824 228 911 271 Sed
939 229 1050 270 haec
1076 226 1299 270 sententia
1322 240 1439 289 >quo-

100 320 205 347 nam
237 304 373 346 modo
406 317 457 344 ex
484 299 792 356 Aristophanis
818 299 965 341 verbis
995 298 1098 341 elici
1129 298 1284 356 possit,
1318 299 1440 356 equi·

103 377 203 418 dem
243 390 315 432 me
353 388 447 415 non
487 370 663 427 assequi
703 371 858 412 fateor.
927 374 1032 412 Duo
1071 369 1345 417 Scholiastae
1384 385 1436 413 ea

100 448 360 506 proferunt,
402 459 456 485 ex
502 442 666 498 quibus
709 440 957 497 intelligas,
1003 457 1076 484 eos
1106 441 1362 497 ἕπόμνυσθαι
1392 453 1437 484 et

100 518 390 572 ὖπόμνυσθαι,
438 517 671 570 ἔπωμοσίαν
721 523 766 554 et
811 511 1053 567 ’ὑπωμοσίαν
1102 525 1374 570 permutasse
1386 514 1438 571 ⁸).

100 588 325 646 Equidem
375 586 487 627 illud
539 583 826 640 ἐπομνύμενον
881 583 1175 640 probabiliter
1229 584 1440 641 explicari

100 668 230 719 posse
262 661 470 714 despero,
516 666 560 696 et
598 654 792 710 proinde
824 670 928 697 cum
960 654 1173 705 Girardo,
1204 656 1438 701 Brunckio

101 731 289 787 aliisque
318 743 498 770 versum
531 725 592 767 ita
624 728 863 784 legendum
896 741 990 768 esse
1021 737 1158 782 puto:

183 800 254 840 ''Iv'
275 797 531 846 ὕπομνιῖμενον
560 795 688 834 παύσω
713 813 750 834 σε
775 799 839 844 τῆς
865 797 1063 842 ἐκκλησίας.

215 866 378 905 Sensus
407 869 554 900 autem
588 857 662 900 hic
694 858 802 901 erit:
849 873 952 901 cum
991 856 1228 900 Neoclides
1267 860 1436 904 nobilis

100 946 215 979 esset
245 948 297 976 eo
330 944 529 986 tempore
561 931 853 985 sycophanta,
897 927 975 986 qui
1008 943 1217 986 persaepe
1247 930 1323 972 illa
1356 932 1436 974 in..

99 1001 356 1048 tercedendi
387 1016 465 1057 per
483 999 721 1054 ὑπωμοσίαν
741 999 919 1041 licentia
938 999 1160 1042 malitiose
1186 1011 1230 1043 et
1261 1004 1436 1046 calum-

98 1074 226 1117 niose
256 1075 526 1126 abuteretur,
556 1072 710 1114 oculos
742 1072 783 1114 ei
813 1070 956 1114 acidis
986 1070 1230 1129 unguentis
1262 1074 1436 1118 oblevit

144 1203 182 1246 8)
217 1200 341 1235 Schol.
381 1211 410 1233 1.
448 1195 555 1236 Ἀντὶ
591 1199 658 1236 τοῦ
689 1195 969 1245 ἕκηαλοῦμενον.
1021 1199 1212 1244 ἐπωμοσιά
1247 1198 1287 1237 δέ
1320 1200 1436 1248 ἔστιν,

93 1260 145 1308 ἣν
167 1259 379 1299 ἐπιδίδωσιν
412 1257 433 1294 ὅ
466 1256 688 1304 βουλόμενος
722 1257 909 1295 οἷντειπεῖν
940 1260 1154 1304 ψηφίσματι
1178 1257 1437 1308 εἶσφερσμένῳ.

87 1320 337 1360 ,ἐκκαλοῦνται
361 1319 398 1356 δὲ
425 1316 474 1355 εἷς
497 1317 540 1355 td
566 1317 803 1367 δικαστήριον
826 1318 1014 1356 πολλάκις.
1060 1321 1176 1365 (Illud
1195 1321 1436 1361 ἐκκαλεῖσθαι

98 1382 243 1417 dictum
274 1387 366 1425 puto
408 1381 454 1415 ab
485 1380 560 1415 hoc
600 1381 855 1415 Grammatico
892 1392 961 1425 pro
995 1393 1062 1425 eo,
1102 1381 1206 1428 quod
1247 1381 1433 1419 debehat:

95 1441 423 1490 προσκαλεῖσθαι).
472 1437 702 1477 Σαλοιῗστιον
733 1438 772 1474 δέ
807 1454 933 1485 φησιν,
970 1440 1016 1478 οἷς
1046 1442 1242 1488 μέλλοντες
1264 1441 1314 1479 εἷς
1347 1444 1437 1481 ‘nvi

98 1499 301 1549 δημοτικὴν
332 1499 629 1537 ἀποστέλλεσθαι
671 1502 797 1545 χρείαν
829 1500 934 1547 παραὶ
967 1502 1034 1539 τοῦ
1076 1500 1214 1549 δήμου,
1255 1503 1436 1545 πολλάκις

98 1559 336 1607 ἐπωμνῦοντο
361 1559 413 1606 μή
437 1559 623 1596 δύνασθαι
648 1556 739 1594 αὐτό
772 1562 914 1604 ποιεῖν,
949 1563 1012 1598 ἵνα
1035 1562 1308 1608 συκοφαντοῖσιν
1332 1567 1435 1602 ouo«.

97 1626 280 1667 μένοντες.
305 1640 352 1646 —-
398 1621 564 1663 Mirum,
599 1619 632 1653 si
663 1619 739 1653 hoc
773 1619 865 1653 dixit
898 1621 1100 1666 Salustius,
1136 1634 1223 1658 cum
1246 1623 1432 1671 ἐξωμοσία

96 1682 191 1717 haec
214 1681 282 1723 sit,
315 1692 392 1714 non
425 1683 626 1726 έπωμοσιά.
696 1679 866 1725 Ideoque
902 1682 1015 1716 etiam
1045 1685 1304 1720 recentiorum
1338 1698 1433 1732 quo·

96 1743 259 1778 tundam
282 1741 544 1787 interpretatio
568 1751 646 1774 non
669 1746 795 1785 potest
817 1742 991 1785 probari:
1022 1749 1064 1776 ut
1087 1754 1174 1778 mea
1198 1757 1314 1791 opera
1329 1748 1430 1783 desi-.

93 1816 161 1840 nas
186 1803 373 1837 interesse
390 1800 580 1842 concioni,
605 1800 801 1847 possisque
820 1812 903 1835 eam
919 1805 1078 1846 ejurare.
1114 1805 1312 1847 Ejusmodi
1335 1821 1428 1855 quo-

97 1877 173 1912 que
197 1864 378 1908 ejuratio,
404 1864 508 1905 cujus
532 1867 663 1896 tamen
697 1863 868 1908 exempla
902 1862 1097 1908 desidero,
1132 1865 1293 1903 dicenda
1325 1869 1430 1905 foret

95 1925 291 1972 ἐξωμοσία.
316 1946 363 1952 —-
410 1922 534 1958 Schol.
562 1935 593 1957 2.
619 1920 837 1968 Ἐπ’ωμοσιά
865 1922 964 1959 ἐστὶν
996 1922 1173 1962 οἷπόδοσις
1205 1925 1349 1973 αι’τιάς,
1383 1929 1431 1966 δι’

97 1986 142 2033 ἠν
177 1983 241 2029 οὔχ
272 1984 422 2029 ὑπαντᾷ
455 1997 508 2020 τις
531 1980 626 2031 πρός
648 1981 717 2026 τήν
740 1980 855 2027 δίκην.
905 1982 1116 2030 ιΤῆτεριίἳης·
1150 1992 1212 2023 καὶ
1246 1987 1329 2033 ἐμοὶ
1359 1992 1429 2035 μὲν

94 2043 277 2093 συμβάσης
301 2042 527 2090 α’ῤῥωστίας,
554 2047 615 2078 καὶ
642 2040 1001 2089 ὗπομοσθείσης
1025 2043 1161 2090 ταῦτης
1181 2045 1246 2091 τῆς
1269 2049 1426 2094 γραφῆς,

97 2102 289 2152 &regem-377
317 2103 338 2140 ὅ
363 2102 470 2151 ἀγών.
496 2103 661 2149 Reliqua
683 2115 761 2137 non
786 2116 878 2148 opus
903 2111 958 2138 est
982 2105 1210 2141 adscribere.
1260 2109 1428 2154 Apparet

97 2174 246 2208 autem,
270 2167 432 2200 maxime
458 2177 503 2199 ex
526 2163 728 2209 Hyperidis
752 2165 838 2198 loco
853 2190 862 2207 ‚
890 2177 1003 2211 quem
1034 2166 1167 2209 affert,
1203 2167 1307 2202 hunc
1331 2182 1426 2216 quo-

98 2239 174 2274 que
198 2226 434 2261 Scholiasten
456 2221 593 2270 ὖπόμν.
620 2230 659 2258 et
680 2223 916 2269 ἔπόμνυσθαι
942 2227 1172 2271 confudisse,
1199 2239 1429 2276 quamquam.

96 2289 192 2324 illud
216 2286 430 2332 ὕπωμοσιάς
462 2297 606 2330 genuS,
645 2284 745 2331 quod
778 2284 965 2319 indicatur
989 2287 1034 2320 ab
1067 2299 1134 2331 eo,
1170 2288 1217 2322 ad
1249 2297 1424 2326 nostrum

95 2352 224 2386 locum
258 2348 354 2382 nihil
384 2347 564 2393 pertinet.
596 2365 642 2372 —-
696 2346 848 2380 Tertius
892 2344 1118 2380 Scholiastes
1150 2359 1272 2384 meras
1303 2363 1424 2397 nugas

96 2411 232 2453 habet,
259 2416 297 2444 et
321 2408 520 2443 ecclesiam
545 2418 631 2440 cum
655 2406 796 2450 judicio
821 2412 1032 2453 permutat,
1068 2407 1115 2442 de
1140 2422 1213 2456 qua
1235 2419 1426 2456 permuta-

97 2473 225 2512 tione,
249 2467 576 2516 pervulgatissima
599 2466 697 2511 apud
719 2466 835 2501 hosce
858 2467 1092 2502 recentiores
1119 2470 1340 2514 Graeculos,
1365 2484 1425 2505 su-

96 2544 169 2580 pra
190 2544 253 2565 me
278 2531 406 2565 dicere
437 2527 607 2561 memini.
665 2527 720 2561 Ex
752 2528 884 2562 eadem
917 2531 1197 2572 permutatione
1229 2533 1343 2567 etiam
1366 2544 1425 2567 se·

100 2592 215 2627 cundi
246 2590 477 2627 Scholiastae
510 2587 800 2634 explicationem
831 2587 1004 2633 fluxisse,
1039 2591 1101 2625 vix
1132 2603 1225 2637 opus
1255 2599 1312 2628 est
1344 2604 1425 2628 mo-

99 2664 204 2689 nere.

1062 2714 1165 2754 Mz
