1706 3058
1290 140 1367 167 111.

46 215 337 294 stringerent,
400 246 447 279 et
492 233 742 275 adimerent
796 232 880 281 iis,
933 230 1011 289 qui
1060 242 1138 274 aut
1176 228 1375 288 flagitio-

45 324 146 353 rum
176 307 435 365 graviorum
465 315 611 348 essent
650 303 878 354 convicti,
913 316 988 346 aut
1029 314 1228 346 carerent
1267 292 1374 358 qui—

45 382 232 423 busdam
273 382 427 427 rebus,
470 376 634 434 quibus
678 390 803 424 eum,
847 375 925 431 qui
966 376 1184 432 populum
1222 387 1372 417 aucto-

46 450 175 493 ritate
206 462 251 493 et
289 448 492 493 consiliis
524 450 682 490 docere
712 462 763 489 ac
792 449 1040 504 gubernare
1070 449 1258 496 vellent,
1299 463 1374 490 ca-

45 537 142 566 rere
181 524 304 565 nefas
336 520 640 562 existimarant
668 517 988 575 sapientissimi
1018 520 1167 575 legum
1198 521 1372 561 latores.

45 598 109 638 Ac
137 595 336 652 primum
366 593 524 647 ἄτιμοι,
559 592 612 632 de
643 590 807 647 quibus
838 604 968 646 supra
999 593 1085 641 Jam
1116 590 1259 632 locuti
1297 606 1376 632 su-

47 680 170 716 mus,
211 680 313 708 cum
354 663 591 720 suffragio,
632 674 728 705 tum
768 663 909 703 multo
950 659 1085 702 etiam
1124 661 1260 718 magis
1292 665 1377 703 hac

46 741 236 796 ἰσηγορίᾳ
273 735 438 792 privati
483 746 620 778 erant.
692 738 846 790 ltaque
885 733 1216 789 Aeschines20)‚
1257 734 1377 790 leges

47 809 144 851 illas
175 810 383 850 laudans:
417 809 468 851 ἄν
484 826 561 860 τις,
593 807 768 864 inquit,
801 809 892 865 λέγῃ
916 810 958 849 ἐν
979 812 1035 864 τῷ
1057 805 1172 862 δήμῳ
1193 804 1263 847 τὸν
1299 822 1374 847 πα-

47 884 142 938 τέρα
159 882 320 924 τύπτων
339 879 369 933 ἥ
398 880 473 933 τήν
504 881 676 935 μητέρα,
707 879 738 932 ἤ
754 877 808 932 μή
832 881 992 933 τρέφων
1002 911 1021 932 ‚¹
1043 878 1071 930 ἦ
1104 875 1159 930 μή
1186 878 1374 930 παρέχων

51 956 235 1007 οἴκησιν,
259 974 313 984 -
341 949 372 1004 ἢ
392 953 464 1000 τὰς
483 954 689 1007 στρατείας
723 948 776 1003 μὴ
798 949 1180 1004 ἐστρατητευμένος,
1213 946 1304 990 ὅσαι
1324 949 1375 990 ἅν

49 1023 163 1082 αὐτῷ
186 1029 519 1079 προσταχθῶσιν,
556 1020 586 1075 ἢ
613 1020 687 1074 τὴν
719 1018 870 1062 ἇσπίδα
905 1016 1199 1075 ἀποβεβληκώς
1226 1048 1260 1054 --
1286 1049 1320 1054 --
1348 1019 1379 1075 ἢ

49 1097 381 1152 πεπορνευμένος
399 1092 428 1146 ἢ
448 1091 717 1149 ’ἡταιρηκώς-,-
736 1121 752 1127 -
777 1090 807 1146 ἢ
826 1091 874 1134 τὰ
894 1097 1061 1149 πατρῷα
1079 1091 1376 1144 κατεδηδοκώς,

50 1167 81 1222 ἢ
100 1161 158 1212 ὧν
182 1165 234 1210 ἂν
263 1165 522 1221 κληρονόμος
552 1167 716 1221 γένηται
742 1192 758 1200 -
780 1193 795 1199 -
828 1167 1071 1219 δοκιμασίαν
1107 1163 1375 1220 ἐπαγγειλάτω

44 1235 290 1293 Ἀθηναίων
325 1236 644 1293 ὗβουλόμενος,
683 1235 747 1286 οἷς
773 1239 934 1288 ἔξεστιν.
994 1235 1055 1276 Hi
1086 1249 1265 1291 ornnes,
1297 1234 1376 1291 qui

49 1311 100 1353 in
128 1312 225 1368 lege
253 1319 581 1363 memorantur,
612 1307 650 1350 si
672 1307 868 1352 convicti
899 1318 1046 1356 erant,
1078 1321 1173 1348 non
1193 1305 1381 1350 dicendi

50 1393 223 1426 tantum
262 1380 311 1422 in
342 1379 540 1422 comitiis
578 1378 783 1429 licentia,
835 1381 912 1422 sed
948 1379 1158 1436 suffragio
1201 1394 1382 1437 quoque

54 1466 101 1497 et
122 1453 247 1496 omni
267 1451 449 1509 publico
469 1456 566 1505 jure
590 1454 811 1500 carebant,
843 1453 979 1506 ἄτιμοι
1000 1462 1136 1504 erant,
1167 1466 1223 1492 ne
1244 1451 1381 1492 inter—-

52 1541 147 1568 esse
166 1523 348 1581 quidem
368 1533 574 1579 poterant
606 1520 686 1563 uui
718 1522 898 1578 publico
929 1520 1206 1570 conventui,
1235 1521 1380 1578 publi-

56 1598 120 1639 cis
148 1596 281 1638 sacris
304 1593 527 1650 festisque.
580 1592 754 1649 Quodsi
789 1592 889 1649 quis
907 1608 957 1634 ex
979 1592 1033 1634 iis
1054 1604 1202 1634 tamen
1228 1593 1382 1651 ingre-

55 1671 243 1716 deretur,
268 1679 357 1722 quo
382 1662 556 1720 ingredi
581 1662 666 1718 ipsi
688 1678 782 1705 non
800 1662 942 1712 licuit,
974 1663 1022 1704 in
1054 1663 1236 1706 vincula
1266 1680 1385 1708 con-

50 1739 286 1794 jiciebatur
315 1737 366 1777 ab
391 1731 740 1783 Undecimviris‚
773 1745 818 1776 et
853 1735 907 1775 ad
930 1735 1230 1778 Heliastarum
1257 1737 1383 1790 judi-

50 1811 175 1854 cium
208 1809 476 1856 ducebatur,
519 1803 602 1847 ubi
641 1819 665 1846 a
695 1804 859 1861 quovis
891 1807 1086 1849 accusari
1116 1806 1380 1865 poterat.³¹).

141 1897 275 1953 Quod
296 1904 444 1936 autem
466 1890 712 1934 Andocides
734 1891 867 1942 ait²²)‚
898 1901 1000 1949 post
1018 1891 1204 1951 triginta
1235 1899 1384 1949 tytan-

54 1985 220 2016 norum
251 1963 606 2009 dominationem
637 1964 902 2014 nonnullos,
941 1965 1021 2022 qui
1053 1981 1208 2009 eorum
1239 1980 1385 2025 partes

56 2039 248 2098 amplexi
278 2048 446 2085 essent,
488 2051 538 2078 ea
567 2050 712 2093 poena
740 2035 922 2080 affectos
961 2052 1076 2093 esse,
1116 2049 1168 2080 ut
1195 2038 1246 2081 in
1276 2040 1386 2083 reli-

57 2114 158 2172 quis
191 2109 403 2153 omnibus
434 2109 565 2150 rebus
596 2121 737 2165 aequo
769 2122 872 2151 cum
904 2108 1065 2152 ceteris
1087 2109 1264 2152 civibus
1286 2116 1385 2165 jure

57 2186 328 2229 fruerentur,
361 2191 673 2237 praeterqaum
694 2193 808 2237 quos
836 2178 936 2222 aliis
960 2195 1054 2222 non
1075 2179 1231 2225 liceret
1250 2187 1386 2228 verba

58 2253 111 2299 in
151 2251 346 2297 comitiis
387 2252 558 2300 facere,
610 2251 736 2302 aliis,
789 2251 839 2294 in
877 2255 1089 2295 Senatum
1128 2255 1240 2310 legi,
1284 2256 1386 2298 aliia

59 2326 263 2386 publicas
305 2335 481 2373 causas,
521 2324 702 2382 γραφάς,
740 2323 789 2366 in
819 2323 990 2378 judicio
1021 2339 1165 2382 agere,
1209 2326 1385 2385 aliaque

61 2395 309 2452 ejusmodi,
350 2394 614 2452 fuffragium
642 2407 790 2441 tamen
830 2395 888 2438 iis
920 2397 1128 2440 relictum
1159 2410 1291 2449 esset,
1334 2399 1381 2440 id

99 2540 164 2582 eo)
190 2537 278 2572 Λᾶν.
313 2537 501 2573 Timaxch.
526 2549 563 2584 p.
587 2549 648 2584 54..>

105 2608 165 2651 ιιι)
190 2607 388 2643 Demosth.
414 2608 494 2643 adv.
520 2609 685 2643 Timocr.
710 2620 746 2655 p.
772 2619 851 2656 755.
878 2608 928 2652 cf.
954 2621 1054 2656 supr.
1080 2623 1112 2646 c.
1139 2615 1170 2650 8.

106 2676 165 2721 22)
190 2678 251 2713 De
275 2677 432 2723 Myster.
461 2690 495 2724 p.
523 2688 578 2726 35.
604 2679 650 2713 R.
676 2690 712 2724 p.
742 2691 797 2714 ιο.
831 2691 885 2725 24.
912 2680 1039 2725 steph,
