1706 3058
266 113 347 155 250

268 230 399 270 runt,
442 223 598 263 autad
634 220 860 275 judicium
893 222 1282 265 Senatuuconsulto
1324 231 1401 263 aut
1440 219 1595 263 Plebi-

269 290 383 333 scito
423 297 690 343 rejecerunt,
742 305 1103 351 accusatoresque
1153 303 1371 334 crearunt.
1437 295 1593 348 Itaque

271 365 356 404 hoc
400 364 517 418 ipso,
559 365 677 419 quod
718 376 792 406 aut
831 377 1099 422 acceperunt
1130 366 1398 421 εἰσαγγελίαν,
1438 361 1593 404 autin

270 433 442 486 judicio
478 449 566 475 rem
599 438 891 493 peragendam
922 450 1014 478 esse
1045 438 1356 483 decreverunt,
1396 431 1461 476 rei
1490 447 1598 488 per-

271 504 485 558 sequendi
531 505 705 547 veniam
747 507 886 549 actori
927 507 1098 550 dedisse
1140 505 1330 565 putandi
1369 513 1486 546 sunt.
1544 505 1598 546 In

271 574 523 617 minoribus
551 589 698 619 autem
729 579 917 628 delictis,
950 595 1053 622 cum
1084 582 1332 636 εἰσαγγελίαν
1363 574 1600 617 instituere

272 658 351 687 aut
381 647 526 688 noluit
557 661 678 690 actor
709 662 785 692 aut
815 664 907 692 non
929 648 1096 706 potuit,
1128 649 1176 691 in
1208 647 1473 691 concionem
1495 658 1601 690 eum

269 716 448 770 prodire
479 719 704 774 oportuit,
736 736 831 762 rem
861 722 1024 777 populo
1055 733 1321 776 proponere.
1355 731 1405 758 ac
1434 729 1604 771 rogare,

273 802 329 828 an
360 786 491 829 illum
525 792 591 830 vel
624 790 754 833 illum
775 792 1087 848 magistratum
1117 787 1357 845 deliquisse
1388 796 1604 834 censeret.

274 869 320 900 et
353 874 478 901 reum
510 876 532 902 a
565 876 610 902 se
651 861 746 904 fleri
778 862 1073 919 permitteret.
1134 859 1180 902 Si
1211 857 1354 901 teneri
1387 872 1492 899 eum
1521 854 1603 916 cri-q

272 929 397 972 mine
440 942 483 972 et
524 931 570 973 in
611 933 835 984 judicium
876 931 1026 975 vocari
1065 945 1195 988 posse
1243 930 1434 988 populus
1482 925 1604 980 judi-

272 1013 435 1051 casset,
497 1003 754 1059 magistratu
812 1004 931 1047 abire
944 1008 979 1059 ⁷)
1032 1003 1286 1059 cogebatur.
1371 1003 1437 1043 Ita
1490 998 1604 1043 libe-

321 1146 358 1191 7)
385 1148 467 1183 Hoc
492 1162 642 1197 quoque
667 1153 747 1187 sola
771 1154 991 1196 conjectura
1014 1151 1147 1186 ductus
1172 1149 1339 1190 asserui3
1364 1157 1477 1180 nemo
1501 1145 1605 1183 enim

272 1215 298 1241 e
333 1209 547 1255 veteribus,
580 1219 762 1258 quantum
795 1213 973 1260 equidem
1004 1211 1266 1252 meminerim,
1302 1209 1341 1242 id
1375 1219 1444 1242 nos
1478 1207 1604 1257 decep.

274 1266 434 1302 Videtur
449 1276 576 1306 tamen
601 1273 913 1316 isticonjectume
939 1272 1113 1306 nonnihil
1138 1269 1368 1304 firmamenti
1393 1269 1508 1302 affere
1533 1269 1605 1301 Ae-

275 1327 416 1362 schinis
439 1330 564 1374 locus,
591 1344 635 1366 ex
661 1345 734 1378 quo
759 1339 937 1379 apparet,
971 1333 1003 1366 si
1040 1333 1122 1378 quis
1148 1333 1307 1366 Senator
1332 1329 1463 1363 delicti
1490 1329 1605 1362 alicu-

272 1387 332 1428 jus
357 1388 592 1425 insimulatus
624 1399 744 1435 essct,
780 1405 868 1428 eum
900 1393 1066 1439 primum
1100 1392 1242 1426 Senatu
1275 1396 1421 1425 motum
1455 1402 1500 1425 ac
1522 1396 1606 1426 tum

276 1445 430 1482 demum
453 1451 661 1493 judicatum
695 1464 789 1488 esse.
838 1455 906 1488 Est
939 1453 1007 1487 ille
1037 1453 1143 1486 locus
1174 1452 1214 1485 in
1239 1440 1410 1485 oratione
1435 1451 1516 1486 adv.
1542 1451 1608 1485 Ti-

274 1509 417 1542 march.
445 1522 479 1554 p.
511 1518 585 1551 128.
613 1525 667 1559 sq.
693 1515 832 1548 Narrat
862 1514 917 1548 ibi
951 1520 1100 1556 orator,
1133 1512 1372 1558 Pamphilum
1405 1505 1607 1558 quemdam

274 1567 552 1606 Acherdusium
601 1574 826 1617 Timarcho,
884 1581 976 1609 tunc
1030 1573 1214 1619 temporis
1277 1563 1492 1616 Sei‘iatori,⁴
1533 1583 1611 1618 pe·-

276 1629 422 1664 culatus
471 1633 617 1668 crimen
658 1635 698 1668 in
748 1635 912 1669 comitiis
947 1633 1141 1678 objecisse.
1208 1633 1311 1668 Dein
1365 1635 1419 1669 ita
1457 1634 1606 1680 pergit:

273 1686 424 1747 (indigae
453 1691 497 1736 ὃή
531 1694 746 1738 vastasti
770 1691 833 1730 οὖν
865 1696 982 1738 ἐστὶν,
1015 1691 1045 1730 ὦ
1075 1693 1404 1741 ’Λθηναῖοι,’ἔ’φη,
1439 1692 1486 1739 ὅ,
1521 1709 1610 1741 συμ-

276 1750 438 1795 βουλεύω
469 1751 575 1798 ἶμῖνῑ
602 1753 664 1790 εὀἱν
686 1757 754 1799 μὲν
777 1753 802 1799 ἤ
825 1753 940 1801 βουλή
966 1753 1197 1802 καταγνοῦσα
1219 1759 1367 1790 τουτονὶ
1388 1752 1527 1790 α’ὃικεῗν
1547 1759 1610 1790 καὶ

278 1809 628 1858 ἐκφυλλοφορήσασα
654 1813 873 1860 δικαστηρίῳ
899 1813 1077 1860 παραδῷ,
1105 1811 1191 1850 δότε
1213 1813 1282 1859 τήν
1307 1813 1446 1860 δωρεάν
1471 1810 1608 1850 aiente.

281 1872 357 1913 (De
390 1872 658 1919 ἐκᾳυλλοφορίᾳ
692 1875 766 1910 vid.
801 1876 1024 1920 Harpocrat.
1062 1887 1090 1909 s.
1116 1875 1168 1918 ν.)
1196 1873 1458 1920 Itaque,quod
1480 1876 1521 1908 in
1546 1875 1611 1908 Se-

277 1933 472 1966 natoribus
507 1934 692 1977 obtinuit,
737 1936 777 1969 id
808 1936 847 1969 in
881 1936 1173 1981 magistratubus
1212 1947 1363 1981 quoque
1405 1934 1612 1969 obtinuisse

278 1994 359 2028 veri
385 1994 620 2029 simillimum
647 2003 716 2031 est.
768 1996 896 2042 Quid?
931 1995 1031 2042 quod
1066 1997 1299 2030 contrarium
1331 1995 1392 2029 vix
1425 1994 1612 2030 credibile

280 2055 456 2100 cuiquam
478 2057 596 2090 videri
630 2063 763 2102 potest.
790 2077 835 2083 —
884 2057 991 2102 Quae
1014 2063 1223 2102 sequuntur
1245 2056 1345 2102 apud
1368 2055 1610 2098 Aeschinem,

279 2121 318 2148 et
351 2127 371 2149 a
403 2116 611 2151 Scholiasta
644 2124 682 2152 et
715 2130 736 2152 a
766 2118 929 2162 Tayloro
962 2128 1164 2162 perperam
1196 2117 1444 2163 accipiuntur.
1501 2115 1612 2153 Mera*

277 2174 408 2216 ταῦτα,
433 2176 566 2222 inquit,
593 2176 640 2214 οἷς
664 2176 874 2224 ἐπανῆλθεν
897 2175 920 2222 ἡ
940 2177 1056 2223 βουλή
1083 2175 1132 2214 εἷς
1157 2176 1200 2214 τό
1225 2175 1505 2224 βουλευτήριον,
1528 2174 1611 2219 ἕξε-

279 2233 528 2282 ᾳυλλοφόρηοε
551 2240 618 2284 μὲν
644 2236 769 2282 αὗτόν,
795 2239 833 2274 ἒν
858 2236 894 2273 δὲ
927 2237 974 2285 τῇ
994 2235 1106 2284 ψήφῳ
1133 2235 1364 2279 κατεδέξατο.
1413 2235 1490 2270 Res
1514 2235 1610 2269 haec

280 2302 349 2329 est.
411 2298 540 2332 Motus
575 2300 727 2344 quidem
760 2301 900 2335 Senatu
933 2298 1157 2333 Timarchus
1192 2303 1273 2332 erat
1314 2302 1473 2342 propter
1503 2295 1610 2330 illam

282 2357 469 2402 Pamphili
496 2360 746 2403 delationem3
784 2367 868 2405 post
900 2368 1047 2403 autem,
1086 2371 1172 2393 cum
1207 2359 1365 2392 Senatus
1389 2357 1472 2402 ipse
1496 2367 1610 2402 quee-

285 2417 446 2452 stionem
471 2419 648 2463 heberet,
675 2421 867 2456 absolutus
893 2428 972 2464 est,
1000 2428 1039 2455 et
1064 2430 1192 2454 rursus
1217 2419 1256 2452 in
1289 2419 1469 2453 Senatum
1505 2427 1613 2452 rece·

283 2480 380 2523 ptus.
431 2480 470 2513 Si
495 2482 763 2516 condemnatus
789 2488 912 2524 esset,
949 2483 1068 2516 altera
1088 2479 1196 2526 sequi
1221 2479 1350 2514 debuit
1374 2475 1610 2524 διαψήφισις,

284 2538 331 2573 de
364 2540 523 2583 mulcta,
559 2548 595 2575 et
632 2543 662 2576 si
686 2545 828 2586 majore
860 2554 971 2588 quam
1003 2542 1296 2589 quingentarum
1345 2539 1613 2574 drachmarum
1668 2560 1672 2566 -

285 2599 440 2645 digmm
465 2602 623 2638 Senatus
649 2615 736 2640 eum
762 2604 994 2648 censuisset,
1020 2601 1228 2638 Heliastico
1253 2601 1393 2645 judicio
1419 2610 1508 2645 eum
1532 2604 1613 2633 tra-

282 2659 372 2696 dere
398 2662 547 2698 Debuit.
