1706 3058
242 164 300 208 54

242 272 515 319 Dodwellus
537 282 582 314 et
604 270 842 318 Coreiniuu
864 272 1213 327 amplectuntur,
1247 270 1409 314 Suidae
1433 260 1594 316 ‹aucto-¹

242 347 423 390 ritatem
457 342 598 385 secuti
614 348 665 393 ³);
707 345 818 384 haec
850 353 999 384 tamen
1033 357 1085 385 ex
1119 352 1272 384 vetere
1293 344 1484 399 quadam
1505 343 1584 386 in-

242 416 494 474 scriptione
515 414 693 470 probari
714 428 843 472 posse
861 412 1055 465 videtur,
1075 427 1202 475 quae,
1227 426 1330 455 cum
1349 413 1581 469 pecunias,

240 488 403 548 populi
432 493 577 539 jussu,
625 487 850 528 Archonte
883 485 1131 542 Glaucippo
1168 485 1258 537 (01.
1292 486 1422 527 XCII.
1454 486 1505 539 5)
1531 500 1583 528 ex

239 559 411 606 aerario
433 568 633 614 erogatas
647 567 885 604 recenseat,
909 555 1137 612 simulque
1148 554 1457 612 prytaniarum
1472 555 1586 605 dies,

241 633 403 692 quibus
435 642 640 686 quaeque
658 642 836 670 summa
858 638 1088 674 numerata
1119 626 1199 678 ait,
1232 628 1431 676 adnotet,
1463 638 1584 671 octa-

240 720 347 753 vae,
380 715 529 744 nonae
563 699 854 755 decimaeque
882 698 1116 755 prytaniae
1146 699 1268 742 diem
1298 697 1585 755 trigesimum

239 786 417 822 sextum
448 775 717 823 numerat⁴).
776 773 829 812 In
860 769 1114 813 intercalari
1145 781 1299 812 autem
1328 782 1475 818 anno,
1507 767 1587 824 qui

238 847 399 891 diebus
418 844 747 886 CCCLXXXIV
758 843 1006 894 constabat,
1029 838 1258 896 prytanias
1278 851 1356 882 aut
1372 843 1585 886 XXXVIII

238 931 318 964 aut
349 918 522 961 XXXIX
563 913 742 955 dierum
782 911 924 954 fuisse
964 922 1170 968 oportet;
1210 926 1480 968 quamquam
1510 909 1587 954 hic

241 1003 425 1050 quoque
455 986 680 1028 incertum
712 995 801 1033 est,
838 994 994 1026 utrum
1025 982 1194 1038 primae
1236 996 1293 1023 an
1330 994 1586 1038 postremae

239 1062 466 1120 longiores
497 1055 679 1101 fuerint,
741 1056 830 1097 Sed
862 1067 968 1097 utut
998 1057 1086 1096 hoc
1115 1054 1188 1104 sit,
1220 1052 1335 1094 illud
1365 1064 1483 1095 oerte
1507 1054 1586 1095 fal-

239 1134 475 1180 sissimum
517 1138 606 1175 est,
658 1128 780 1182 quod
819 1126 997 1170 Petitue
1041 1123 1350 1179 amplectitur,
1394 1135 1589 1180 quatuor

239 1208 350 1252 istos
370 1202 468 1245 dies
489 1198 688 1242 residuos
712 1197 873 1253 primis
904 1207 1097 1252 quatuor
1128 1193 1350 1250 prytaniis
1371 1194 1434 1237 ita
1456 1196 1588 1238 attri-

240 1283 375 1324 butos
399 1288 507 1322 esse,
529 1279 582 1310 ut
606 1278 796 1324 quatuor
809 1267 967 1316 tribus,
991 1280 1104 1322 quae
1116 1275 1305 1307 ineunte
1327 1279 1447 1308 anno
1458 1280 1587 1312 suam

241 1360 448 1411 quaeque
469 1338 724 1400 prytaniam
743 1337 1005 1395 gessissent.
1038 1336 1205 1378 iterum
1228 1351 1347 1378 anno
1371 1348 1586 1386 extremo,

241 1420 405 1466 exactis
439 1413 616 1458 scilicet
644 1411 798 1455 CCCL
827 1421 905 1452 aut
929 1411 1194 1455 CCCLXXX
1225 1411 1398 1457 diebus,
1428 1408 1589 1467 singu-

240 1494 295 1537 lis
327 1490 487 1532 diebus
516 1484 800 1540 imperarent.
861 1484 998 1538 (.)uod
1034 1499 1140 1527 cum
1180 1485 1379 1526 crederet
1401 1482 1586 1532 petitus,

242 1562 344 1607 fieri
383 1573 487 1602 sane
516 1570 611 1598 non
639 1553 815 1611 potuit,
858 1553 973 1609 quin
1011 1566 1091 1598 aut
1119 1553 1330 1597 omnium
1359 1563 1438 1594 aut
1466 1563 1588 1595 certe

287 1686 324 1726 5)
351 1677 452 1713 Suid.
480 1687 507 1710 s.
534 1687 567 1709 v-
593 1675 810 1718 πρυτανεία·
827 1692 873 1698 —-
892 1692 938 1698 —
959 1671 1195 1718 ἕπερίττενον
1223 1672 1263 1709 ἐκ
1280 1670 1349 1708 τοῦ
1367 1668 1589 1716 σεληνιακοῦ

242 1738 416 1780 ἐνιαυτοῦ
432 1735 569 1782 ἡμέραι
589 1735 768 1778 τέσσαρες,
793 1729 834 1768 ἅς
859 1731 1077 1777 ἕπεμέριζον
1100 1734 1184 1768 ταῖς
1213 1729 1381 1777 πρώταις
1394 1729 1588 1773 λαχοῦσαις

232 1796 484 1847 ’πρυτανεύειν
510 1797 680 1838 τέσσαρσι
711 1792 859 1839 φυλαῖς-3
902 1796 966 1827 καὶ
999 1791 1076 1827 τῶν
1107 1793 1177 1837 μὲν
1208 1789 1395 1838 τεσσάρων
1425 1791 1588 1838 πρωτῶν

243 1862 377 1906 ἑκάστη
401 1860 473 1902 εἶχε
496 1855 566 1901 τήν
587 1848 817 1901 πρυτανείαν
835 1849 1138 1898 ἐπαρτιζομένην
1161 1850 1214 1890 εἷς
1236 1849 1285 1889 λς’
1310 1849 1464 1898 ἡμέρας,
1488 1849 1534 1888 αἱ
1546 1848 1585 1886 δὲ

242 1925 374 1963 λοιπαὶ
399 1920 424 1958 ς’
452 1918 525 1955 αἰνεῖ
550 1917 603 1952 λέ.
630 1916 681 1950 cf.
708 1914 840 1959 Sigon.
867 1913 915 1948 de
938 1913 1036 1957 Rep.
1062 1914 1149 1949 Ath.
1178 1916 1229 1949 ΙΙ.
1258 1925 1291 1948 c.
1326 1925 1361 1958 3.
1393 1911 1585 1948 Dodwell.

242 1986 292 2020 de
327 1982 464 2030 Cyclis.
498 1977 661 2014 Dissert.
696 1977 726 2012 1.
766 1981 860 2011 sect.
893 1987 928 2021 9.
956 1980 998 2010 et
1031 1986 1084 2011 xo.
1114 1975 1263 2010 Corsini
1284 1975 1325 2008 F.
1351 1974 1396 2008 A.
1420 1973 1583 2015 Dissmm

243 2037 316 2080 ΙΙΙ.
344 2056 380 2078 n.
409 2046 465 2081 28.

288 2116 326 2159 4)
354 2113 481 2146 Annus
505 2109 593 2152 ille,
621 2107 683 2143 01.
712 2109 829 2143 XCII.
856 2120 890 2153 3,
929 2113 1085 2154 quartus
1111 2112 1168 2140 est
1191 2104 1340 2152 periodi
1363 2103 1585 2140 Metonicae

244 2172 446 2210 secundae.
505 2169 651 2217 Quodsi
682 2169 753 2203 hac
790 2168 951 2214 periodo
986 2167 1234 2202 Athenienses
1267 2166 1314 2201 ad
1347 2151 1585 2211 castigandos

244 2245 365 2272 annos
389 2245 475 2268 suos
498 2233 654 2266 lunares
680 2230 835 2277 publice
865 2241 952 2263 usos
977 2239 1061 2262 esse
1085 2227 1308 2268 statuimus,
1344 2237 1414 2272 pro
1438 2224 1586 2272 vulgari

244 2307 367 2331 annus
391 2295 463 2328 iste
485 2291 682 2326 habendus
708 2297 778 2325 est.
827 2291 902 2326 Sed
925 2297 1055 2324 tamen
1092 2299 1172 2322 non
1196 2286 1384 2330 diffiteor,
1411 2287 1586 2321 incertis-

244 2358 387 2404 {imum
410 2354 504 2389 mihi
528 2354 672 2398 videri,
696 2360 826 2388 utrum
855 2352 1010 2398 publiOe
1033 2354 1211 2394 receptus
1235 2347 1284 2382 sit
1306 2347 1410 2382 illius
1433 2346 1585 2393 periodi

246 2429 360 2460 usuS,
393 2427 464 2451 nec
490 2426 560 2457 ne,
594 2420 657 2457 et,
691 2415 719 2448 si
748 2418 925 2458 receptus
950 2412 1021 2454 sit,
1058 2421 1221 2457 quanam
1253 2409 1403 2444 ratione
1427 2419 1511 2443 eam
1535 2407 1585 2444 ad

245 2480 362 2514 fastos
387 2489 473 2513 suos
498 2476 782 2521 constituendos
815 2474 1067 2508 adhibuerint.
1127 2471 1209 2505 Vid.
1244 2471 1372 2506 Petav.
1406 2471 1583 2520 Doctrin.

246 2547 390 2585 tempp.
416 2540 446 2574 Ι.
474 2550 515 2583 14
538 2545 577 2573 et
600 2541 651 2573 II.
680 2550 733 2583 15.
760 2536 808 2570 cf.
836 2535 982 2569 Ideler:
1020 2533 1146 2568 Ueber
1170 2530 1231 2565 die
1255 2530 1584 2566 astronomischen

247 2600 571 2645 Beohachtungen
593 2599 662 2634 der
685 2599 817 2638 ARen,
843 2607 877 2641 p·
905 2601 982 2634 203.
1001 2606 1058 2640 sq.
1076 2613 1122 2620 —
1144 2592 1439 2638 Inscriptionem
1462 2590 1582 2637 illum,

248 2664 356 2707 cujus
386 2662 624 2697 mentionem
657 2659 758 2703 feci,
792 2657 997 2704 publicavit
1022 2664 1145 2701 nuper
1168 2653 1404 2688 Boeckhius:
1441 2652 1582 2688 staats-

245 2722 424 2760 haushait
449 2721 484 2757 d·
505 2721 644 2759 Athen.
671 2719 866 2765 Inscriptt.
890 2717 984 2753 Tab.
1013 2718 1043 2752 Ι.
1070 2726 1131 2751 no.
1162 2727 1192 2749 ι.
