1706 3058
261 161 290 189 Χ

246 253 506 300 τοηειίωίι.
563 253 764 298 Primum
794 251 938 302 enim,
968 267 1027 295 ne
1052 251 1189 295 nimis
1217 253 1404 297 confusa
1435 265 1579 307 essent

255 326 430 375 omnia,
474 337 518 367 et
544 340 621 381 par
647 339 924 369 summorum
949 325 1299 382 infimorumque
1327 324 1579 378 auctoritas,

254 400 412 440 classes
451 407 640 453 quatuor
671 410 721 437 ex
762 411 897 438 censu
927 397 987 438 ita
1026 394 1280 452 descripsit,
1323 406 1373 436 ut
1405 395 1575 452 primae

247 467 378 510 ‘classi
403 477 761 515 accenserentur‚
794 468 955 525 quibus
978 478 1148 508 tantum
1178 478 1292 508 esset
1315 468 1571 517 fundorum,

249 542 371 581 unde
394 537 627 595 quingenti
648 537 877 588 medimni,
898 549 976 581 aut
992 553 1144 595 supra,
1173 537 1390 586 redirent;
1422 552 1574 582 secun·-

251 613 357 662 dae,
404 608 564 665 quibus
603 611 810 660 tercenti,
870 609 1049 658 tertiae,
1109 609 1269 666 quibus
1320 609 1501 651 ducenti
1513 612 1575 662 ¹⁹¹),

249 692 429 738 quartae
450 681 659 737 denique,
680 683 840 737 quibus
858 682 1004 724 minor
1025 693 1136 724 esset
1153 695 1359 738 agrorum
1388 681 1570 723 reditus.

247 752 444 796 Nomina
461 754 671 795 classibus
684 756 876 803 fuerunt,
896 752 1413 799 Pentacosiomedimnis‚
1441 749 1574 807 Equi-

246 825 386 874 tibus‚
415 823 610 881 Zeugitis
634 835 677 866 et
699 824 914 866 Thetibus
928 824 1008 879 **).
1068 827 1130 866 Ac
1158 839 1218 864 ne·
1237 823 1460 864 tenuiores
1481 837 1570 863 un-

247 910 380 954 quam
402 909 424 935 a
445 894 675 937 ditioribus
693 896 935 938 fundorum
949 894 1228 952 possessione
1247 895 1373 949 plane
1397 875 1571 937 excludi

246 976 446 1025 possent,
485 980 598 1006 neve
627 980 780 1008 omnes
813 966 903 1022 agri
933 980 1174 1022 paucorum
1201 965 1358 1006 fierent
1388 961 1569 1019 proprii,

237 1049 415 1079 'certum
438 1038 624 1077 modum
655 1037 882 1086 definivit,
912 1052 1041 1093 supra
1065 1051 1198 1092 quem
1230 1034 1457 1092 possidere
1486 1048 1570 1075 ne·-

240 1108 355 1151 mini
376 1107 528 1149 liceret
542 1107 651 1165 ***).
691 1113 782 1150 Jam
810 1108 990 1162 judicia,
1024 1120 1133 1164 quae
1155 1105 1262 1147 olim
1283 1105 1569 1162 patriciorum

240 1179 418 1237 propria
443 1180 640 1228 fuerant,
672 1181 880 1226 omnibus
914 1178 1018 1221 fecit
1047 1177 1318 1234 promiscua,
1350 1175 1567 1217 instituit-

241 1267 349 1308 que,
380 1261 430 1293 ut
464 1266 516 1292 ex
545 1250 753 1293 universo
783 1251 950 1292 civium
977 1263 1166 1291 numero
1199 1248 1277 1304 qui
1302 1246 1565 1301 judicarent,

237 1334 357 1364 sorte
404 1334 689 1378 caperentur,
740 1337 885 1379 neque
942 1320 1180 1378 quisquam
1230 1330 1410 1375 propter
1459 1331 1567 1358 cen-

235 1407 312 1435 sus
351 1392 616 1435 tenuitatem
648 1390 930 1445 rejiceretur-3
975 1391 1022 1432 id
1049 1392 1170 1447 quod
1203 1389 1348 1445 specie
1382 1388 1566 1446 quidem

236 1465 358 1506 haud
390 1464 452 1506 ita
495 1478 730 1521 magnum.
772 1479 920 1520 reapse
951 1473 1099 1505 autem
1137 1463 1281 1503 multo
1318 1461 1564 1503 maximum

237 1549 327 1578 esse
348 1545 499 1592 postea
511 1545 788 1591 compertum
804 1533 1016 1588 est****).
1055 1536 1242 1576 Factum
1263 1530 1389 1574 enim
1407 1527 1560 1578 estha,

282 1676 317 1718 ²⁸)
343 1676 400 1709 Ita
416 1675 562 1708 Pollux.
580 1674 686 1707 VIII.
712 1684 742 1706 s.
765 1683 840 1716 ¹50·
862 1672 1041 1708 Plutarch
1059 1672 1188 1706 Solon.
1212 1682 1244 1708 c,
1266 1675 1320 1709 18·
1339 1666 1562 1703 Aristoteles

327 1742 456 1769 autem
476 1735 588 1768 Polit.
607 1735 658 1768 II.
684 1745 736 1770 12.
766 1733 941 1777 Zeugitas
961 1732 1147 1775 secundo,
1175 1731 1320 1777 equites
1338 1728 1454 1763 tertio
1475 1727 1560 1761 loco

328 1802 523 1839 numerat,
549 1795 650 1830 unde
670 1793 818 1838 colligit
834 1792 1043 1835 Heraldus,
1069 1791 1263 1828 Animadv.
1282 1793 1322 1824 in
1349 1789 1502 1824 Salmas.
1533 1787 1560 1826 1,

326 1859 400 1892 ΙΙΙ.
420 1870 451 1891 c.
475 1867 527 1901 15.
548 1869 583 1901 p.
619 1865 670 1899 15.
702 1854 804 1900 quod
829 1865 873 1888 ex
901 1853 982 1887 aliis
1015 1864 1167 1899 quoque
1192 1850 1399 1886 rationibus
1428 1847 1561 1893 colligi

326 1924 472 1963 potest,
497 1923 617 1951 totam
645 1927 730 1950 rem
754 1914 855 1948 illius
882 1925 973 1947 aevo
1000 1915 1076 1956 jam
1099 1912 1294 1946 desuetam
1322 1918 1360 1945 et
1376 1910 1560 1956 abolitam.

327 1979 457 2014 fuisse,
493 1978 607 2012 Plura
624 1975 685 2009 vid
705 1987 762 2020 ap.
785 1977 927 2009 Meurs.
948 1973 1074 2009 Solon.
1099 1986 1130 2008 e.
1154 1985 1206 2018 14·

281 2064 334 2107 **)
359 2065 421 2098 De
449 2061 693 2107 Zeugitarum
710 2059 864 2094 nomine
886 2058 959 2093 vid.
984 2058 1128 2093 Corsin.
1156 2058 1255 2092 Fast.
1279 2055 1391 2090 Attio.
1423 2055 1464 2088 P.
1484 2052 1555 2091 ΙΙΙ.

323 2136 360 2169 P·
386 2136 444 2170 7?-

279 2193 351 2236 ***)
378 2193 529 2226 Aristot.
562 2192 644 2226 Pol.
665 2192 715 2225 11.
743 2203 777 2237 7.
804 2187 901 2225 διὀτι
931 2187 1000 2233 μὲν
1027 2183 1089 2222 οὖν
1117 2186 1189 2229 1ἔχει
1215 2199 1297 2222 τινα
1322 2181 1479 2231 δῦναμιν
1506 2179 1556 2218 εἷς

324 2253 394 2299 τήν
411 2252 605 2297 πολιτικήν
621 2254 817 2289 κοινωνίαν
837 2249 862 2294 ἦ
875 2249 936 2294 τῆς
955 2246 1075 2284 odaiae
1093 2242 1297 2293 ὁμαλότης,
1318 2247 1378 2280 καὶ
1395 2243 1470 2278 τοῖν
1485 2239 1556 2277 παῖ·

324 2314 390 2350 Zeu
412 2313 505 2348 ’τινὲς
522 2316 717 2358 φαίνονται
750 2308 997 2356 διεγνωκότες,
1026 2307 1106 2344 οἷον
1128 2313 1189 2342 καὶ
1213 2303 1342 2342 Σόλων
1372 2302 1555 2346 ἐνομοθέ-

324 2386 429 2419 τησε,
462 2377 523 2407 καὶ
550 2371 640 2418 παρ’
664 2370 785 2407 ἄλλοις
812 2369 888 2406 ἐστὶ
913 2367 1047 2414 νόμος,
1082 2367 1120 2404 ὅς
1146 2362 1273 2404 κωλύει
1297 2361 1462 2399 κτᾶσθαι
1488 2359 1555 2408 γῆν

322 2432 462 2478 ὁπόσην
482 2430 528 2468 ἂν
544 2430 726 2477 βούληταί
750 2444 814 2467 τις.
865 2434 1063 2476 Integrum
1090 2426 1304 2464 Aristotelis
1332 2426 1458 2459 locum
1487 2422 1550 2458 ad—

321 2495 477 2539 scripsi,
503 2493 681 2540 quoniam
704 2494 749 2527 ab
765 2493 838 2527 hoc
855 2504 949 2535 uno,
975 2491 1075 2539 quod
1093 2488 1269 2536 equidem
1284 2486 1419 2528 sciam,
1445 2484 1551 2519 Solo-

321 2556 379 2590 nis
403 2553 497 2588 illud
513 2554 740 2597 institutum,
764 2565 785 2588 a
799 2552 970 2589 Meursio
992 2552 1206 2597 ceterisque
1231 2545 1549 2595 praetermissum,

318 2621 564 2652 memoratur.

272 2687 365 2735 ¹⁸***)
391 2685 580 2722 Plutarch.
601 2685 730 2723 solon.
749 2697 781 2722 c.
807 2683 1026 2729 13.Aristot,
1049 2682 1130 2720 Pol.
1149 2682 1199 2718 11.
1218 2692 1271 2718 ιι.
