1706 3058
1328 70 1409 129 507

170 177 312 223 Sacris
342 173 625 218 adnumerari
655 183 844 230 possunt
874 173 1011 215 etiam
1041 173 1194 216 funera
1223 174 1306 217 ista
1324 193 1408 233 pu-

83 250 199 294 blica
243 261 376 305 atque
416 244 642 294 solennia,
685 248 748 299 (οἱ
787 244 994 299 ἐπιτάφιοι
1032 244 1202 302 ἀγῶνες)
1246 248 1410 303 quibus

84 336 239 365 eorum
269 319 459 367 civium,
491 315 568 373 qui
599 315 648 356 in
669 317 787 358 bello
817 330 897 372 pro
921 316 1062 371 patria
1093 307 1409 372 occubuerant,

83 392 293 449 reliquias
313 394 527 432 honorare
548 386 901 442 memoriamque
924 389 1142 430 celebrare
1171 391 1411 434 Athenien·

83 480 150 507 ses
183 465 400 505 solebant.
461 460 546 501 Sed
578 460 632 501 de
672 461 758 500 hoc
787 473 939 507 more,
979 458 1112 500 etiam
1146 462 1295 516 pueris
1325 479 1416 506 no-

85 535 277 582 tissimo,
310 546 402 574 non
434 545 544 587 opus
577 541 643 571 est
675 529 913 582 disserere3
944 528 1058 572 illud
1090 547 1231 573 unum
1262 546 1418 580 notare

84 610 173 649 hoc
202 607 301 646 loco
334 613 530 660 oportet,
561 603 680 658 quod
714 616 738 642 e
767 604 1072 643 Demosthene
1104 601 1336 657 discimus,
1376 619 1421 650 et

87 656 337 724 oratoreni,
386 673 462 730 qui
507 675 745 714 defunctos
785 671 884 714 illos
926 673 1143 721 laudaret,
1185 689 1209 715 a
1249 680 1417 733 populo

85 761 284 793 creatum
316 761 433 795 esse,
477 757 520 787 et
550 760 601 786 ex
632 758 786 786 eorum
818 744 1074 800 parentibus
1106 745 1300 802 aliquot,
1343 749 1421 805 qui

87 835 271 864 coenam
324 820 559 860 funebrem
597 817 663 870 (τὸ
702 821 985 873 περίδειπνον)
1032 816 1215 873 publico
1267 830 1422 861 sumtu

88 893 425 947 appararent⁵²).
496 890 781 945 Quamquam
823 899 1017 930 ora-tores
1062 890 1188 930 Plato
1230 887 1278 930 in
1318 893 1424 932 Me-

87 965 329 1013 nexeno³³)
360 960 424 1001 ait
453 975 477 1001 a
508 963 674 1002 Senatu
707 958 872 1008 creari3
918 974 970 1001 cx
1006 974 1100 1021 ‘1²³⁰
1134 959 1287 1017 colligi
1319 973 1425 1017 pot,-

89 1044 180 1083 est‚
234 1043 311 1074 aut
352 1042 576 1073 mutatum
617 1030 731 1072 illud
769 1045 862 1072 esse
899 1030 1089 1085 posteris
1126 1031 1422 1087 temporibus,

91 1116 170 1147 aut
199 1105 371 1146 nullam
403 1114 569 1145 certam
602 1117 649 1143 ea
682 1104 736 1143 de
765 1117 813 1143 re
846 1103 992 1156 legem
1022 1115 1074 1143 ac
1101 1101 1425 1160 praescriptio-

90 1189 194 1216 nem
226 1172 382 1222 fuisse,
426 1187 567 1228 eoque
599 1173 767 1214 factum
798 1186 917 1221 esse,
959 1183 1012 1214 ut
1036 1174 1174 1215 modo
1206 1188 1229 1216 a
1259 1176 1427 1217 Senatu

90 1246 231 1288 modo
261 1259 286 1287 a
314 1246 482 1302 populo
515 1255 783 1289 crearentur.

479 1527 853 1577 CAPUT
950 1530 1052 1576 XI.

97 1640 172 1685 De
221 1640 614 1699 magistratcobzcs,
676 1639 989 1683 curationibus
1029 1646 1085 1695 ¹et
1142 1639 1426 1685 ministeriis.

182 1813 401 1855 Omnium
424 1811 697 1869 reipublicae
718 1827 960 1855 munerum
983 1810 1065 1854 tria
1089 1812 1225 1854 statui
1247 1824 1434 1870 possunt

98 1899 271 1943 genera.
333 1886 446 1926 Sunt
484 1883 604 1925 enim
635 1883 853 1940 primum,
892 1898 1003 1939 quae
1034 1883 1153 1939 ἀρχαί
1182 1898 1204 1924 a
1236 1884 1428 1932 Graecis,

100 1971 125 1998 a
156 1954 370 1998 Romanis
400 1954 683 2010 magistratus
713 1967 952 2008 vocantur3
985 1955 1174 2004 deinde,
1206 1971 1313 2013 quas
1342 1959 1432 2000 ἐπι-

99 2030 299 2082 μελείας“)
338 2040 491 2082 graece
533 2025 714 2074 dixeris,
756 2026 894 2068 latine
934 2026 1184 2068 curationes
1216 2030 1435 2084 appellare

100 2098 234 2146 licet;
278 2096 472 2153 denique
501 2095 735 2153 ὖπερεσίαι,
775 2113 886 2154 quae
916 2096 1167 2139 ministeria
1199 2110 1314 2141 sunt.
1372 2101 1434 2140 Ac

102 2169 389 2227 magistratus
431 2167 615 2224 quidem
658 2184 848 2219 nomeu,
899 2170 1066 2227 *quibus
1113 2169 1292 2227 proprie
1342 2168 1435 2210 dari

48 2277 60 2279 t
105 2251 330 2298 oporteat,
371 2242 489 2282 haud
521 2239 581 2281 ita
612 2240 738 2282 facile
768 2239 1022 2283 Aristoteles
1051 2255 1145 2283 esse
1175 2241 1236 2283 ait
1269 2243 1324 2283 ad
1357 2243 1437 2282 de-

106 2312 374 2355 finiendum.
435 2314 720 2362 „Multorum
740 2313 923 2369 enim,“
950 2312 1114 2371 inquit,
1145 2324 1436 2370 „curatorum

152 2479 212 2523 52)
232 2479 342 2512 Dem.
364 2478 411 2512 de
429 2489 556 2513 coron.
578 2489 613 2523 p.
642 2488 720 2523 321.

154 2547 215 2590 33)
242 2547 331 2591 Pag.
359 2558 435 2591 254.
459 2548 501 2581 B.

163 2615 196 2656 1)
222 2613 304 2648 Vid.
334 2615 507 2651 Aeschini.
535 2616 617 2652 adv.
643 2616 876 2662 ctesiphont.
903 2628 940 2663 p.
967 2622 1046 2663 398.

1089 2679 1124 2717 X
1146 2692 1166 2717 2
