1706 3058
1367 94 1447 138 515

207 205 408 250 Proximi
456 204 798 261 imperatoribus
856 202 1074 259 dignitate
1121 211 1244 244 erant
1295 201 1452 242 decem

126 278 379 327 Taxiarchi,
412 290 463 319 ex
493 276 695 318 tribubus
727 287 770 317 et
801 275 887 330 ipsi
920 274 1106 331 singulis
1135 271 1305 329 singuli
1337 286 1360 312 a
1382 285 1455 326 po·

126 352 236 407 pulo
267 348 399 391 creati
414 350 476 406 ²⁰).
536 346 597 388 Hi
631 358 674 388 et
704 347 752 387 iu
783 348 957 388 delectu
987 346 1191 386 habendo
1219 343 1454 398 imperato-

127 420 251 462 ribus
301 422 503 468 aderant,
560 429 604 460 et
655 417 1160 473 indices,(nawt‹370vg)
1207 413 1452 468 juniorum,

129 493 293 549 quibus
325 493 467 533 adhuc
497 491 706 532 merenda
738 500 861 531 erant
878 487 1116 544 stipendia,
1150 502 1199 528 ex
1230 500 1308 528 sua
1339 484 1457 541 quis·

130 579 217 620 que
247 562 393 610 tribu,
428 562 700 617 conscriptos
732 559 779 600 in
810 570 1029 616 potestate
1058 561 1300 604 habebant,
1335 567 1378 597 et
1407 555 1460 596 iu

128 635 246 676 bello
275 633 512 676 tribulibus
543 631 649 680 suis,
683 633 760 673 sed
781 629 963 686 hoplitis
988 641 1178 678 tantum,
1212 637 1459 685 praeerant,

128 705 308 748 ordines
339 692 631 752 instruebant,
664 703 712 744 in
734 701 955 759 proelium
976 703 1280 752 ducebant²¹).
1344 701 1461 740 Nam

130 776 330 818 tribuum
369 777 442 817 illa
486 774 727 830 descriptio
770 787 862 815 non
906 774 1055 815 minus
1094 772 1285 814 militiae
1327 785 1463 826 quam

131 848 254 889 domi
287 846 532 903 valebat³²)·
595 848 681 888 Sed
710 847 1036 887 Demosthenes
1068 844 1138 885 his
1163 858 1347 900 quoque
1369 857 1390 883 a
1415 856 1463 883 re

129 919 315 961 militari
359 919 504 961 otium
537 919 628 960 fere
659 932 750 960 esse
791 916 1087 971 conqueritur.
1148 914 1382 958 Nimirum
1414 913 1465 954 in

130 990 417 1032 mercenariis
460 988 624 1044 copiis,
680 987 869 1029 ducibus
909 987 1156 1045 peregrinis
1195 988 1313 1028 salus
1355 995 1466 1026 tune

132 1073 261 1119 atque
291 1059 563 1118 reipublicae
594 1059 704 1101 sitae
737 1057 936 1114 erant²³).
1439 1049 1443 1054 s

217 1130 450 1189 Equitatui
489 1141 719 1186 praeerant
770 1128 1016 1185 Hipparchi
1056 1128 1182 1178 bini,
1234 1126 1467 1181 Phylarchi

135 1203 264 1254 deni,
302 1204 410 1245 item
453 1216 476 1243 a
516 1202 687 1257 populo
719 1200 871 1245 creati.
946 1202 1089 1256 Atque
1117 1200 1469 1252 Phylarchorum

132 1274 316 1332 quidem
359 1276 510 1315 eadem
551 1274 671 1328 apud
721 1271 894 1328 equites
933 1286 1119 1312 munera
1159 1282 1309 1318 erant,
1357 1283 1470 1326 quae

135 1346 487 1387 Taxiarchorum
509 1344 624 1400 apud
645 1342 909 1398 hoplitas²⁴).

221 1421 476 1473 Sequuntur
506 1413 786 1471 magistratus
807 1413 855 1454 in
884 1429 931 1455 re
957 1413 1216 1470 pecuniaria
1239 1413 1470 1469 occupati:

135 1488 333 1546 primum
371 1496 646 1544 quaestores,
703 1483 780 1540 qui
826 1490 969 1540 Ταμίαι
1018 1487 1135 1541 apud
1181 1484 1470 1528 Athenienses

66 1567 70 1570 ’
138 1559 408 1602 dicebantur.
469 1560 645 1598 Horum
668 1555 852 1612 plurimi
878 1569 1015 1612 erant,
1047 1557 1122 1598 alii
1157 1556 1256 1598 aliis
1290 1555 1470 1608 officiis,

139 1633 264 1674 velut
295 1635 337 1675 οἵ
372 1633 514 1684 Ταμίαι
543 1634 616 1681 τῆς
645 1634 775 1680 θεοῦ,
819 1630 971 1670 decem
1002 1642 1216 1682 numero,
1260 1625 1471 1668 totidem-

140 1718 228 1760 que
257 1706 395 1758 ταμίαι
423 1707 504 1743 τῶν
547 1705 680 1752 θεῶν,
732 1712 983 1755 quaestores
1015 1713 1243 1742 sacrorum
1276 1697 1472 1739 aerario-

139 1789 238 1815 rum
258 1773 492 1816 Minervae
510 1771 790 1825 aliorumque
820 1775 1036 1814 Deorum.
1097 1773 1183 1814 Sed
1211 1768 1262 1810 hi
1284 1779 1400 1810 sorte
1422 1783 1475 1809 ex

140 1841 651 1888 Pentacosiomedimnis
680 1844 968 1886 ducebantur.
1020 1847 1071 1886 In
1100 1839 1302 1884 comitiis
1324 1850 1474 1881 autem

194 2004 251 2043 20)
277 2000 474 2035 Demosth.
500 1998 661 2043 Philipp.
686 1998 711 2032 l.
739 1998 903 2033 l.Pollux
925 1999 1030 2032 VIII.
1057 2002 1114 2044 87.
1141 1994 1393 2031 Barthelemii
1417 2005 1473 2028 er—

148 2069 253 2092 rores
288 2060 395 2105 (Voy.
435 2060 485 2093 du
515 2061 629 2102 jeune
673 2060 874 2095 Anachars.
916 2061 1024 2094 Tom.
1069 2060 1120 2093 11.
1157 2069 1193 2104 p.
1230 2057 1308 2102 164.
1335 2061 1374 2090 et
1400 2054 1474 2093 168-

148 2119 207 2153 ed.
234 2119 402 2164 Bipont.)
428 2121 608 2156 refellere
633 2132 710 2154 non
746 2133 837 2166 opus
875 2127 942 2154 est.

197 2205 250 2244 21)
286 2204 459 2239 Aeschin.
495 2204 541 2240 de
575 2204 656 2239 fals.
692 2205 765 2249 leg.
794 2217 831 2250 p.
867 2216 943 2249 555.
979 2202 1176 2238 Demosth.
1202 2203 1243 2236 in
1267 2201 1402 2236 Boeot.
1430 2199 1478 2234 de

153 2275 256 2298 nom.
282 2277 318 2309 p.
346 2278 424 2311 999.
452 2266 582 2300 Pollux
606 2267 711 2300 VIII.
737 2278 783 2311 94
808 2272 846 2300 et
871 2276 949 2309 115,
974 2264 1104 2310 ibique
1129 2264 1322 2308 Jungerm.
1350 2261 1474 2295 Lexic.

154 2324 308 2359 Rhetor.
336 2327 516 2368 Bekkeri,
542 2339 579 2372 p.
605 2326 684 2371 306.
712 2326 768 2361 Cf.
795 2327 935 2371 Lysias.
962 2326 1002 2360 in
1033 2323 1215 2358 Alcibiad.
1252 2334 1291 2368 p.
1319 2333 1393 2367 144.
1420 2331 1475 2366 ὅς’.

153 2385 195 2419 in
218 2388 370 2431 Agorat.
397 2400 432 2433 p.
461 2399 533 2434 157.
563 2393 612 2427 18.
640 2399 709 2433 pro
734 2388 911 2423 Mantith.
937 2399 974 2432 p.
1001 2399 1074 2434 147.
1102 2399 1156 2421 20·

205 2471 262 2513 22)
291 2471 349 2505 Cf.
373 2472 524 2517 Taylor.
552 2473 672 2506 Lectt.
698 2473 840 2519 Lysiae.
867 2484 902 2518 p.
931 2470 1007 2517 256.
1033 2471 1079 2505 R.

206 2555 264 2598 23)
300 2556 495 2590 Demosth.
529 2557 555 2591 1.
581 2557 607 2590 1.

211 2639 270 2682 24)
298 2640 430 2675 Pollux
452 2641 478 2675 l.
506 2641 530 2675 1.
558 2641 607 2675 cf.
636 2641 760 2688 Sigon.
791 2643 851 2676 IV.
891 2653 971 2686 cap.
1007 2641 1036 2674 I.
1064 2651 1097 2684 p.
1124 2638 1200 2683 652-
