1706 3058
515 265 893 315 CAPUT
963 268 1086 316 VII.

245 376 316 419 De
346 376 613 436 ‚Prytamcm
642 383 688 420 et
717 378 1034 421 Proedroram
1065 379 1112 422 in
1145 380 1347 425 comitiis

522 480 710 508 munere
733 482 788 508 ac
809 465 1072 524 functione.

209 606 288 646 Est
315 600 392 646 hic
423 605 478 646 de
506 606 756 660 Prytanum
796 606 1186 662 Proedrorumque
1229 608 1278 650 in
1318 611 1462 654 comi-

125 673 202 717 tiis
233 691 421 718 munere
451 677 576 719 locus
607 693 723 719 unus
757 694 809 721 ex
841 676 918 728 iis,
958 676 1035 733 qui
1067 679 1261 722 maxime
1293 682 1464 726 doctis-

125 746 347 790 simorum
384 746 590 789 virorum
631 748 813 805 ingenia
853 761 1167 800 exercuerunt,
1209 767 1355 808 neque
1393 766 1464 797 ta..

125 834 231 860 men
265 813 392 861 omni
431 832 483 858 ex
513 830 637 874 parte
669 819 776 862 satis
810 821 1055 862 illustratus
1076 832 1120 861 et
1156 836 1463 880 perpurgatus.

116 884 230 932 ⁴Duo
242 890 379 932 fuisse
394 891 709 939 Proedrorurn,
733 906 995 947 eorumque,
1018 890 1095 946 qui
1120 891 1209 932 illis
1220 908 1465 949 praeerant,

125 960 425 1018 Epistatarum
441 976 614 1016 genera,
635 967 723 1014 jam
738 977 870 1018 supra
884 977 906 1003 a
927 960 1056 1002 nobis
1076 975 1373 1007 memoratum
1395 971 1464 1010 le—

124 1043 269 1073 ctores
289 1031 599 1074 meminerint.
640 1035 812 1074 Horum
839 1033 1029 1073 alterum
1053 1031 1226 1090 optime
1250 1039 1461 1092 cognosci

123 1113 270 1160 potest
311 1119 364 1145 ex
403 1101 608 1158 Ulpiani,
652 1114 729 1144 aut
770 1101 972 1160 quisquis
1014 1104 1260 1146 secundum
1291 1110 1461 1151 Demo..

125 1177 330 1217 stheneae
351 1174 400 1215 in
422 1173 744 1216 Androtionem
771 1170 986 1216 orationis
1019 1187 1336 1231 argumentum
1366 1195 1460 1235 per-

125 1245 371 1302 scripserit,
403 1243 749 1301 expositione¹).
785 1243 976 1300 Ἐπειδὴ,
1003 1246 1168 1302 inquit,
1189 1253 1335 1293 πολλοὶ
1354 1246 1462 1305 ἦσαν

125 1321 193 1369 (οἱ
220 1319 456 1373 βουλευταὶ)
489 1320 556 1360 καὶ
588 1320 794 1373 δυσχερῶς
821 1317 954 1372 ’ἤνυον
983 1318 1032 1361 τὰ
1050 1317 1277 1374 πράγματα,
1309 1325 1461 1367 διεῖλον

124 1388 295 1439 ἑαυτούς
326 1392 383 1439 εἰς
413 1391 510 1432 δέκα
540 1392 727 1445 μερίδας,
769 1388 870 1432 κατὰ
907 1388 979 1439 τὰς
1010 1389 1167 1444 φυλάς,
1203 1389 1282 1433 dvo}
1311 1395 1459 1450 πεντή-

128 1479 254 1504 κοντα
296 1482 353 1491 —-
384 1485 440 1492 -
480 1460 582 1504 ὥστε
619 1464 853 1518 συνέβαινε,
892 1461 989 1510 τούς
1026 1460 1279 1515 πεντήκοντα
1320 1464 1459 1521 ἄρχειν

126 1537 208 1574 τῶν
239 1531 370 1573 ἄλλων
401 1529 481 1574 dvo}
504 1531 722 1588 τριάκοντα
750 1535 867 1574 πέντε
898 1530 984 1585 (sic
1015 1530 1168 1585 scrib.)
1199 1531 1371 1590 ἡμέρας.
1401 1560 1460 1568 —-

128 1627 184 1634 ——
210 1599 291 1645 ἀλλ’
323 1599 462 1654 ἐπειδὴ
493 1600 615 1642 πάλιν
648 1606 689 1644 οἷ
716 1602 970 1656 πεντήκοντα
998 1605 1143 1645 πολλοὶ
1181 1598 1287 1657 ἦσαν
1327 1610 1385 1657 εἰς
1412 1607 1460 1652 το“

127 1674 264 1730 ἄρχειν
295 1673 401 1728 ἅμα,
435 1675 476 1715 οἷ
505 1674 600 1714 δέκα
630 1672 732 1715 κατὰ
750 1678 904 1728 κλῆρον
935 1678 1031 1727 μιᾶς
1060 1673 1215 1728 ἡμέρας
1234 1682 1316 1719 ταῖν
1347 1680 1458 1734 gnra,

130 1744 280 1800 ὁμοίως
311 1745 353 1787 δὲ
384 1745 551 1792 ἕκαστος
573 1747 655 1785 τῶν
686 1743 818 1785 ἄλλων
836 1742 917 1785 ἀπὸ
949 1742 1104 1799 κλήρου
1135 1740 1233 1801 ’ἦρχε
1262 1748 1336 1802 τήν
1367 1752 1460 1794 ἓαν-

124 1819 203 1870 τοῦ
231 1812 407 1869 ἡμέραν,
440 1815 557 1870 ἄχρις
588 1807 641 1857 οὗ
671 1820 952 1870 πληρωθῶσιν
982 1818 1027 1858 αἱ
1056 1818 1153 1858 ἕπτα
1182 1815 1352 1875 ἡμέραι·
1390 1826 1461 1867 καὶ

128 1887 341 1941 συνέβαινε
369 1893 455 1937 τοῖς
487 1887 657 1942 ἄρχουσι
687 1893 795 1942 τρεῖς
825 1885 878 1939 μὴ
910 1885 1059 1942 ἄρχειν.
1089 1910 1148 1919 --
1167 1910 1221 1919 ——
1251 1891 1383 1933 ἰστέον
1415 1895 1461 1935 δὲ

128 1955 190 2000 ὅτι
221 1960 262 2000 οἷ
291 1959 365 2011 μὲν
403 1957 656 2012 πεντήκοντα
687 1960 907 2000 ἐκαλοῦντο
936 1955 1175 2012 πρυτάνεις,
1219 1961 1261 2000 οῖ
1289 1962 1332 2002 δὲ
1361 1964 1460 2005 δέκα

127 2028 342 2085 πρόεδροι,
378 2028 398 2073 ὃ
431 2031 472 2073 δὲ
503 2028 560 2079 εἷς
590 2026 811 2081 ἐπιστάτης.
843 2051 898 2059 -
957 2026 1018 2068 Hi
1050 2026 1192 2084 igitur
1219 2029 1401 2073 Proedri
1435 2047 1460 2073 e

127 2098 394 2152 Prytanibus
427 2111 549 2141 erant
580 2098 684 2141 deni
708 2098 761 2138 ad
792 2108 999 2154 septenos
1031 2098 1124 2140 dies
1155 2109 1272 2140 sorte
1301 2101 1456 2151 creati,

129 2182 343 2227 erantque
383 2187 460 2228 per
490 2171 537 2212 id
567 2182 742 2226 tempus
774 2169 914 2213 totius
944 2181 1122 2212 senatus
1151 2169 1375 2228 principes
1406 2189 1459 2217 ac

126 2242 365 2299 praesides,
399 2243 518 2283 unde
551 2243 687 2283 etiarn
710 2257 876 2284 nomen
898 2252 1139 2287 traxerunt.
1199 2244 1284 2284 Sed
1315 2246 1367 2286 ab
1388 2245 1458 2287 his

129 2312 294 2355 diversi
337 2320 464 2354 erant
501 2312 683 2355 alterius
725 2312 900 2369 generis
937 2311 1146 2361 Proedri,
1191 2312 1268 2370 qui
1307 2328 1400 2357 non
1432 2331 1457 2360 e

178 2441 212 2482 1)
238 2451 274 2484 p.
301 2450 379 2486 590.
406 2440 451 2473 R.
477 2440 555 2473 Hos
582 2439 752 2485 designat
784 2439 898 2473 etiam
928 2437 1076 2483 Ulpian.
1109 2437 1157 2472 ad
1187 2439 1298 2473 Dem.
1335 2451 1387 2474 or.
1413 2439 1455 2474 1⁸11

129 2499 228 2534 Mid.
253 2512 288 2544 p.
315 2512 394 2544 320.
423 2500 476 2533 16.
495 2496 679 2544 Πρόεὸροι
699 2498 895 2536 ἐκαλοῦντο
914 2497 952 2533 οἱ
967 2495 1203 2545 πεμπόμενοι
1220 2501 1260 2536 ἐν
1275 2499 1324 2548 τῇ
1336 2499 1456 2548 βουλῇ

131 2560 237 2606 παραὶ
261 2558 324 2605 τῆς
347 2556 637 2608 πρυτανευοίσης
660 2560 788 2607 φυλῆς·
816 2555 920 2596 οὗτοι
944 2560 982 2596 δὲ
1001 2559 1115 2596 πάλιν
1128 2559 1338 2604 ἐπέμποντο
1355 2558 1458 2604 παραὶ

133 2619 198 2664 τῆς
220 2619 352 2666 βουλῆς
374 2618 423 2656 εἰς
446 2618 512 2656 τόν
537 2618 675 2664 δῆμον,
707 2627 771 2657 καὶ
801 2618 1124 2668 προκαθεζόμενοι
1146 2619 1185 2655 ἐν
1209 2618 1262 2662 τῷ
1283 2617 1453 2664 θεάτρῳ.

133 2676 192 2715 διό
216 2684 278 2716 καὶ
303 2679 479 2727 πρόεδροι
503 2678 730 2728 ἐκλήθησαν·
755 2679 911 2729 ἠρώτων
933 2679 998 2719 τὸν
1023 2678 1138 2727 δῆμον
1162 2693 1194 2715 κ.
1221 2692 1254 2714 τ.
1282 2677 1314 2713 λ.

1111 2742 1181 2781 F2
