1706 3058
1366 60 1447 106 545

115 179 274 224 culiari
305 175 492 220 nomine
519 172 647 227 Ἀκτή
681 168 830 213 vocari
860 169 995 219 solet,
1039 174 1125 226 qua
1153 166 1199 209 in
1229 177 1350 224 parte
1379 167 1445 210 si-

116 265 187 295 tae
217 262 322 293 sunt
362 250 482 305 ipsae
522 247 713 286 Athenae
728 245 781 297 ³).
851 243 885 282 A
934 242 1152 282 Parnethe
1203 249 1348 280 autem
1388 241 1445 282 ad

114 325 396 368 Brauronem
427 317 664 374 oppidum,
698 324 775 355 aut
805 313 955 369 paullo
989 311 1178 352 fortassis
1213 308 1366 369 infra,
1387 312 1442 351 ad

113 397 380 447 Hymettum
422 398 624 430 montem
663 383 1110 442 promontoriuinque
1152 384 1444 436 Cynosuram,

113 464 240 521 regio
273 463 498 503 dicebatur
530 461 728 513 Διακρία,
775 454 959 497 nomine
989 470 1015 497 a
1044 453 1272 495 montibus
1302 466 1444 510 usque

114 549 291 592 quaque
337 529 554 572 intersitis
602 527 865 580 derivat‹›⁴),
946 527 1062 567 Sunt
1103 524 1225 566 enim
1270 524 1317 566 in
1357 527 1440 567 hac

113 617 236 663 parte
269 606 455 650 ParneS,
490 599 733 648 Brilessus,
774 597 1049 642 Pentelicus;
1088 595 1249 652 oppida
1291 608 1442 638 autem

111 677 365 722 Rhamnes,
399 671 715 725 Tricorythus‚
745 672 1005 725 Marathon,
1035 672 1250 711 Brauron.
1309 665 1442 709 Meri-

115 747 309 797 dionalis
336 757 484 787 autem
514 742 685 786 Atticae
716 757 836 798 pars,
870 740 986 782 infra
1018 750 1216 782 montem
1249 742 1443 793 Hymet-

113 829 209 859 tum
254 814 645 873 promontoriaque
695 817 919 856 Zosterem
959 823 1003 854 et
1039 813 1336 865 Cynosuram,
1386 810 1442 850 ad

113 973 231 1007 etiam
256 971 352 1015 apud
378 968 658 1014 Thucydidem,
686 970 736 1003 ΙΙ.
755 978 811 1013 55.
840 974 878 1002 ct
901 969 980 1012 56.‚
1017 968 1081 1002 ubi
1106 972 1349 1012 opponuntur
1372 965 1441 999 sibi

110 1031 249 1068 ,Πεδίον
275 1037 312 1065 et
345 1029 519 1076 Πάραλος
549 1029 610 1077 γῆ,
646 1029 744 1074 apud.
780 1031 926 1064 Isaeum
961 1029 1007 1063 de
1041 1029 1275 1073 Dicaeogen.
1309 1027 1438 1062 hered.

110 1104 145 1139 p.
177 1105 242 1137 55,
277 1104 311 1137 5.
339 1091 466 1136 Steph.
494 1097 533 1124 et
558 1091 655 1136 apud
680 1090 983 1125 Demosthenem
1008 1090 1047 1122 in
1081 1090 1116 1122 Ti
1129 1101 1194 1122 mo
1214 1089 1249 1122 h.
1274 1101 1311 1133 p.
1341 1093 1438 1134 1187.

110 1173 157 1180 ——
192 1154 343 1198 Operae
376 1152 543 1196 pretium
577 1157 652 1193 est,
691 1151 807 1184 etiam
831 1150 1054 1183 VVhelerum
1079 1149 1298 1192 consulere,
1325 1150 1441 1183 Itine—

110 1225 184 1248 rar.
210 1226 246 1259 p.
283 1220 362 1260 587.
391 1223 487 1245 vers,
517 1211 677 1255 Gallie,
715 1212 797 1258 qui,
836 1222 1064 1257 quamquam
1087 1217 1260 1244 veterum
1285 1209 1441 1253 scripto-

108 1285 195 1309 rum
227 1272 443 1307 testimonia
468 1272 605 1306 afferre
639 1272 868 1317 supersedit,
906 1277 1056 1314 tamen,
1095 1282 1181 1304 cum
1215 1270 1261 1304 de
1292 1270 1441 1303 Atticae

109 1333 187 1369 situ
219 1344 263 1367 ao
295 1333 376 1365 solo
410 1344 454 1366 ex
490 1333 662 1376 oculata,
699 1339 739 1366 ut
778 1332 832 1365 ita
865 1331 1008 1373 dicam,
1042 1330 1259 1379 cognitione
1283 1331 1438 1374 referat,

109 1393 210 1428 haud
232 1394 337 1439 parvi
361 1392 614 1427 aestimandus
652 1398 720 1429 est.

156 1485 193 1530 3)
220 1486 355 1529 Itaque
371 1486 530 1529 AegeuS‚
557 1486 619 1519 cui
641 1485 680 1518 in
699 1483 810 1529 regni
835 1483 1015 1518 divisione
1038 1483 1208 1518 Athenae
1233 1489 1273 1518 et
1296 1484 1440 1520 circum

109 1557 174 1581 eas
204 1545 291 1578 loca
324 1544 582 1587 obvenerunt,
620 1542 758 1590 Ἀκτῆν
789 1547 980 1592 accepisse
1014 1540 1150 1577 dicitur
1182 1556 1204 1577 a
1237 1535 1438 1590 Sophocle,

111 1609 216 1650 cujus
242 1617 371 1640 versus
396 1605 525 1650 paullo
558 1606 658 1639 infra
689 1606 961 1643 adscribentur.
1015 1606 1195 1639 Ceterum
1219 1605 1266 1639 cf.
1294 1606 1441 1649 Harpo-

111 1673 205 1702 crat.
234 1673 270 1701 et
295 1666 395 1700 Suid.
421 1666 461 1699 in
494 1663 635 1710 Ἀκτῆ,
675 1667 853 1712 Stephan.
882 1669 1035 1713 Byzant.
1062 1678 1096 1711 p.
1122 1676 1179 1710 55.
1207 1666 1265 1699 ed.
1293 1665 1436 1708 Pined.,

110 1735 151 1764 et
175 1726 364 1761 Holstenii
388 1732 466 1760 not.
495 1726 540 1760 ad
564 1726 600 1760 h.
628 1727 654 1762 1.
680 1739 716 1773 Ρ.
744 1741 797 1762 21.
822 1728 979 1763 Fallitur
1001 1728 1132 1772 itaque
1157 1726 1366 1768 Platnerus,
1392 1725 1440 1760 de

111 1795 231 1835 gentt.
256 1788 389 1822 Atticis
416 1799 624 1832 earumque
649 1799 735 1822 cum
759 1788 929 1822 tribubus
954 1799 1054 1822 nexu
1081 1787 1295 1831 &Mai-burg·
1322 1786 1436 1829 1811).

112 1861 150 1896 p.
175 1855 207 1889 8.
222 1873 232 1893 ,
260 1848 324 1894 qui
347 1854 471 1882 totum
494 1848 603 1882 illum
627 1854 794 1883 tractum
816 1848 1027 1883 littoralem
1053 1859 1075 1880 a
1108 1847 1223 1880 Sunio
1249 1857 1367 1892 usque
1392 1845 1438 1880 ad

111 1910 300 1944 Isthmum
317 1908 516 1955 Παραλίων
541 1909 683 1944 dictum
705 1921 788 1944 esse
807 1915 926 1954 putat.
966 1911 1088 1954 Atque
1108 1907 1226 1941 sicubi
1249 1907 1321 1939 hoc
1347 1916 1438 1951 quo-

114 1981 188 2016 que
212 1969 356 2003 circum
377 1968 513 2002 urbem
529 1969 634 2002 littus
659 1968 827 2013 παραλία
858 1969 1014 2011 dicitur,
1041 1973 1083 2000 ut
1108 1979 1129 2000 a
1154 1966 1336 2000 Strabone
1374 1964 1435 1997 IX.

112 2042 150 2075 p.
176 2041 244 2075 400
278 2035 316 2062 et
340 2028 448 2073 alibi,
485 2041 624 2064 nomen
657 2030 753 2063 illud
785 2041 985 2064 commuue
1010 2033 1069 2063 est
1092 2034 1131 2062 et
1156 2024 1436 2076 appellativum,

114 2101 193 2124 non
217 2090 326 2133 hujus
352 2088 489 2124 littoris
514 2091 720 2135 proprium.

159 2182 197 2226 4)
222 2180 387 2225 Hesych.
412 2181 453 2214 in
477 2183 647 2227 Διακρεῗς
670 2186 709 2216 'et
731 2183 784 2217 ibi
808 2183 972 2226 Alberti,
997 2184 1106 2218 Toni.
1134 2183 1164 2216 Ι.
1189 2193 1227 2227 p.
1252 2192 1331 2227 947.
1368 2179 1438 2214 Ce-

114 2249 242 2277 terum
266 2252 311 2275 ex
334 2241 544 2285 Herodoto,
570 2243 599 2276 1.
627 2254 660 2276 c.
685 2253 744 2288 59,
769 2244 959 2286 conjicias,
986 2243 1160 2277 Diacriae
1183 2241 1345 2282 incolas,
1373 2238 1437 2285 qui

115 2303 230 2347 vulgo
262 2301 405 2336 Diacrii
439 2301 679 2346 dicebantur,
724 2304 839 2339 etiam
881 2303 1146 2350 ‘thspaxplove
1177 2302 1294 2335 dictos
1330 2311 1436 2341 esse3

116 2362 297 2397 nimirum
321 2362 407 2407 quia
430 2362 606 2408 reliquiS‚
633 2364 772 2399 Paralis
799 2371 837 2399 et
863 2365 1043 2407 Pediaeis,
1070 2369 1173 2397 trans
1207 2367 1356 2395 montes
1380 2360 1436 2392 in-

119 2423 309 2458 colebant.
365 2421 541 2456 Palmerii
574 2424 676 2458 enim
710 2425 910 2471 explicatio
941 2425 1079 2458 horum
1110 2423 1328 2463 nominum,
1361 2419 1445 2456 α’ποῗ

118 2486 203 2521 ταῖν
227 2482 324 2518 δυεῖν
347 2481 478 2528 diaeum
504 2484 634 2527 (Sunio
669 2492 706 2519 et
730 2486 941 2532 Cynosura)
977 2491 1014 2518 et
1047 2482 1126 2520 α’πδ
1157 2482 1224 2520 τοῦ
1255 2481 1345 2530 ὕπέρ
1375 2481 1444 2526 τὴν

119 2544 238 2592 ἄκραν
275 2545 462 2589 (Sunium)
499 2542 617 2581 οἰκεῖν
649 2557 735 2581 cum
766 2551 940 2580 veterum
973 2546 1021 2580 de
1053 2546 1205 2581 Diacria
1237 2550 1277 2580 et
1298 2544 1445 2580 Paralia

121 2606 352 2642 testimoniis
379 2607 571 2641 conciliari
594 2617 672 2640 non
694 2612 830 2652 potest.
