<?xml version="1.0" encoding="UTF-8"?>
<!DOCTYPE html PUBLIC "-//W3C//DTD XHTML 1.0 Transitional//EN"
    "http://www.w3.org/TR/xhtml1/DTD/xhtml1-transitional.dtd">
<html xmlns="http://www.w3.org/1999/xhtml" xml:lang="en" lang="en">
 <head>
  <title>
</title>
<meta http-equiv="Content-Type" content="text/html;charset=utf-8" />
  <meta name='ocr-system' content='tesseract 3.04.00' />
  <meta name='ocr-capabilities' content='ocr_page ocr_carea ocr_par ocr_line ocrx_word'/>
</head>
<body>
  <div class='ocr_page' id='page_1' title='image "./decomitiisatheni00sch_0402.png"; bbox 0 0 1706 3058; ppageno 0'>
   <div class='ocr_carea' id='block_1_1' title="bbox 232 120 1580 2353">
    <p class='ocr_par' dir='ltr' id='par_1_1' title="bbox 254 120 334 164">
     <span class='ocr_line' id='line_1_1' title="bbox 254 120 334 164; baseline -0.025 0"><span class='ocrx_word' id='word_1_1' title='bbox 254 120 334 164; x_wconf 77' lang='lat'><strong>566</strong></span> 
     </span>
    </p>

    <p class='ocr_par' dir='ltr' id='par_1_2' title="bbox 242 223 1580 1568">
     <span class='ocr_line' id='line_1_2' title="bbox 337 223 1577 285; baseline 0 -16"><span class='ocrx_word' id='word_1_2' title='bbox 337 227 558 269; x_wconf 84' lang='lat' dir='ltr'><strong>Tribuum</strong></span> <span class='ocrx_word' id='word_1_3' title='bbox 590 237 740 269; x_wconf 83' lang='lat' dir='ltr'><strong>autem</strong></span> <span class='ocrx_word' id='word_1_4' title='bbox 763 227 1073 285; x_wconf 84' lang='lat' dir='ltr'><strong>curiarumque</strong></span> <span class='ocrx_word' id='word_1_5' title='bbox 1090 223 1203 270; x_wconf 66' lang='lat' dir='ltr'><strong>(atio</strong></span> <span class='ocrx_word' id='word_1_6' title='bbox 1219 228 1281 268; x_wconf 86' lang='lat' dir='ltr'><strong>ita</strong></span> <span class='ocrx_word' id='word_1_7' title='bbox 1304 238 1396 270; x_wconf 86' lang='lat' dir='ltr'><strong>erat</strong></span> <span class='ocrx_word' id='word_1_8' title='bbox 1415 230 1468 270; x_wconf 88' lang='lat' dir='ltr'><strong>ab</strong></span> <span class='ocrx_word' id='word_1_9' title='bbox 1494 227 1577 269; x_wconf 86' lang='lat' dir='ltr'><strong>ini·</strong></span> 
     </span>
     <span class='ocr_line' id='line_1_3' title="bbox 250 297 1576 354; baseline 0.001 -14"><span class='ocrx_word' id='word_1_10' title='bbox 250 297 315 340; x_wconf 89' lang='lat' dir='ltr'><strong>tio</strong></span> <span class='ocrx_word' id='word_1_11' title='bbox 348 297 578 353; x_wconf 85' lang='lat' dir='ltr'><strong>descripta,</strong></span> <span class='ocrx_word' id='word_1_12' title='bbox 613 310 661 339; x_wconf 92' lang='lat' dir='ltr'><strong>ut</strong></span> <span class='ocrx_word' id='word_1_13' title='bbox 692 298 770 354; x_wconf 85' lang='lat' dir='ltr'><strong>qui</strong></span> <span class='ocrx_word' id='word_1_14' title='bbox 802 298 962 340; x_wconf 83' lang='lat' dir='ltr'><strong>iisdem</strong></span> <span class='ocrx_word' id='word_1_15' title='bbox 993 298 1102 342; x_wconf 88' lang='lat' dir='ltr'><strong>locis</strong></span> <span class='ocrx_word' id='word_1_16' title='bbox 1133 300 1382 341; x_wconf 76' lang='lat' dir='ltr'><strong>habitarent</strong></span> <span class='ocrx_word' id='word_1_17' title='bbox 1413 311 1457 341; x_wconf 87' lang='lat' dir='ltr'><strong>et</strong></span> <span class='ocrx_word' id='word_1_18' title='bbox 1477 301 1576 341; x_wconf 84' lang='lat' dir='ltr'><strong>fun-</strong></span> 
     </span>
     <span class='ocr_line' id='line_1_4' title="bbox 252 369 1577 427; baseline 0 -15"><span class='ocrx_word' id='word_1_19' title='bbox 252 372 333 412; x_wconf 86' lang='lat' dir='ltr'><strong>dos</strong></span> <span class='ocrx_word' id='word_1_20' title='bbox 375 383 477 411; x_wconf 84' lang='lat' dir='ltr'><strong>suos</strong></span> <span class='ocrx_word' id='word_1_21' title='bbox 516 369 816 425; x_wconf 84' lang='lat' dir='ltr'><strong>possiderent,</strong></span> <span class='ocrx_word' id='word_1_22' title='bbox 855 370 901 411; x_wconf 89' lang='lat' dir='ltr'><strong>hi</strong></span> <span class='ocrx_word' id='word_1_23' title='bbox 944 369 1080 412; x_wconf 88' lang='lat' dir='ltr'><strong>curiis</strong></span> <span class='ocrx_word' id='word_1_24' title='bbox 1122 385 1300 427; x_wconf 86' lang='lat' dir='ltr'><strong>quoque</strong></span> <span class='ocrx_word' id='word_1_25' title='bbox 1339 369 1500 413; x_wconf 87' lang='lat' dir='ltr'><strong>iisdem</strong></span> <span class='ocrx_word' id='word_1_26' title='bbox 1533 381 1577 412; x_wconf 83' lang='lat' dir='ltr'><strong>et</strong></span> 
     </span>
     <span class='ocr_line' id='line_1_5' title="bbox 251 441 1577 498; baseline -0.002 -14"><span class='ocrx_word' id='word_1_27' title='bbox 251 442 456 484; x_wconf 79' lang='lat' dir='ltr'><strong>tribubus</strong></span> <span class='ocrx_word' id='word_1_28' title='bbox 478 452 833 491; x_wconf 74' lang='lat' dir='ltr'><strong>accenset-entur,</strong></span> <span class='ocrx_word' id='word_1_29' title='bbox 864 453 915 482; x_wconf 89' lang='lat' dir='ltr'><strong>ut</strong></span> <span class='ocrx_word' id='word_1_30' title='bbox 940 459 982 484; x_wconf 86' lang='lat' dir='ltr'><strong>v.</strong></span> <span class='ocrx_word' id='word_1_31' title='bbox 1003 456 1041 486; x_wconf 85' lang='lat' dir='ltr'><strong>c.</strong></span> <span class='ocrx_word' id='word_1_32' title='bbox 1065 442 1142 498; x_wconf 88' lang='lat' dir='ltr'><strong>qui</strong></span> <span class='ocrx_word' id='word_1_33' title='bbox 1165 445 1425 484; x_wconf 80' lang='lat' dir='ltr'>Marathone</span> <span class='ocrx_word' id='word_1_34' title='bbox 1445 441 1577 484; x_wconf 74' lang='lat' dir='ltr'><strong>habi-</strong></span> 
     </span>
     <span class='ocr_line' id='line_1_6' title="bbox 249 512 1578 569; baseline 0.001 -15"><span class='ocrx_word' id='word_1_35' title='bbox 249 524 385 561; x_wconf 82' lang='lat' dir='ltr'><strong>taret,</strong></span> <span class='ocrx_word' id='word_1_36' title='bbox 419 512 596 553; x_wconf 88' lang='lat' dir='ltr'><strong>curialis</strong></span> <span class='ocrx_word' id='word_1_37' title='bbox 630 527 809 569; x_wconf 86' lang='lat' dir='ltr'><strong>quoque</strong></span> <span class='ocrx_word' id='word_1_38' title='bbox 831 513 1139 555; x_wconf 75' lang='lat' dir='ltr'>Marathonius</span> <span class='ocrx_word' id='word_1_39' title='bbox 1160 526 1285 568; x_wconf 84' lang='lat' dir='ltr'><strong>esset,</strong></span> <span class='ocrx_word' id='word_1_40' title='bbox 1315 527 1392 557; x_wconf 82' lang='lat' dir='ltr'><strong>aut</strong></span> <span class='ocrx_word' id='word_1_41' title='bbox 1420 517 1578 557; x_wconf 81' lang='lat' dir='ltr'><strong>Achar-</strong></span> 
     </span>
     <span class='ocr_line' id='line_1_7' title="bbox 246 583 1577 642; baseline 0 -17"><span class='ocrx_word' id='word_1_42' title='bbox 246 583 457 625; x_wconf 85' lang='lat' dir='ltr'><strong>nensium</strong></span> <span class='ocrx_word' id='word_1_43' title='bbox 479 584 626 625; x_wconf 89' lang='lat' dir='ltr'><strong>curiae</strong></span> <span class='ocrx_word' id='word_1_44' title='bbox 647 599 779 626; x_wconf 89' lang='lat' dir='ltr'><strong>nemo</strong></span> <span class='ocrx_word' id='word_1_45' title='bbox 800 583 1045 640; x_wconf 83' lang='lat' dir='ltr'><strong>adscriptus</strong></span> <span class='ocrx_word' id='word_1_46' title='bbox 1065 596 1193 635; x_wconf 87' lang='lat' dir='ltr'><strong>esset,</strong></span> <span class='ocrx_word' id='word_1_47' title='bbox 1223 586 1313 627; x_wconf 88' lang='lat' dir='ltr'><strong>nisi</strong></span> <span class='ocrx_word' id='word_1_48' title='bbox 1337 586 1412 642; x_wconf 91' lang='lat' dir='ltr'><strong>qui</strong></span> <span class='ocrx_word' id='word_1_49' title='bbox 1434 585 1482 626; x_wconf 90' lang='lat' dir='ltr'><strong>in</strong></span> <span class='ocrx_word' id='word_1_50' title='bbox 1506 599 1577 641; x_wconf 87' lang='lat' dir='ltr'><strong>pa-</strong></span> 
     </span>
     <span class='ocr_line' id='line_1_8' title="bbox 247 654 1580 712; baseline 0 -16"><span class='ocrx_word' id='word_1_51' title='bbox 247 670 302 712; x_wconf 80' lang='lat' dir='ltr'><strong>go</strong></span> <span class='ocrx_word' id='word_1_52' title='bbox 331 654 602 698; x_wconf 85' lang='lat' dir='ltr'><strong>Acharuensi</strong></span> <span class='ocrx_word' id='word_1_53' title='bbox 636 657 782 697; x_wconf 88' lang='lat' dir='ltr'><strong>sedern</strong></span> <span class='ocrx_word' id='word_1_54' title='bbox 824 671 948 697; x_wconf 86' lang='lat' dir='ltr'><strong>suam</strong></span> <span class='ocrx_word' id='word_1_55' title='bbox 979 659 1172 700; x_wconf 87' lang='lat' dir='ltr'><strong>haberet.</strong></span> <span class='ocrx_word' id='word_1_56' title='bbox 1244 659 1329 700; x_wconf 85' lang='lat' dir='ltr'><strong>Sed</strong></span> <span class='ocrx_word' id='word_1_57' title='bbox 1360 661 1476 699; x_wconf 90' lang='lat' dir='ltr'><strong>hanc</strong></span> <span class='ocrx_word' id='word_1_58' title='bbox 1502 670 1580 697; x_wconf 82' lang='lat' dir='ltr'><strong>ra-</strong></span> 
     </span>
     <span class='ocr_line' id='line_1_9' title="bbox 244 727 1576 783; baseline 0.001 -14"><span class='ocrx_word' id='word_1_59' title='bbox 244 727 420 769; x_wconf 80' lang='lat' dir='ltr'><strong>tionem</strong></span> <span class='ocrx_word' id='word_1_60' title='bbox 455 741 634 769; x_wconf 87' lang='lat' dir='ltr'><strong>necesse</strong></span> <span class='ocrx_word' id='word_1_61' title='bbox 667 738 759 768; x_wconf 83' lang='lat' dir='ltr'><strong>erat</strong></span> <span class='ocrx_word' id='word_1_62' title='bbox 782 759 793 775; x_wconf 93' lang='lat'><strong>,</strong></span> <span class='ocrx_word' id='word_1_63' title='bbox 831 727 1061 783; x_wconf 81' lang='lat' dir='ltr'><strong>paullatim</strong></span> <span class='ocrx_word' id='word_1_64' title='bbox 1093 727 1302 769; x_wconf 84' lang='lat' dir='ltr'><strong>nonnihil</strong></span> <span class='ocrx_word' id='word_1_65' title='bbox 1334 727 1576 770; x_wconf 86' lang='lat' dir='ltr'><strong>immutari.</strong></span> 
     </span>
     <span class='ocr_line' id='line_1_10' title="bbox 244 797 1579 854; baseline -0.002 -13"><span class='ocrx_word' id='word_1_66' title='bbox 244 801 360 842; x_wconf 84' lang='lat' dir='ltr'><strong>Nam</strong></span> <span class='ocrx_word' id='word_1_67' title='bbox 393 813 496 841; x_wconf 87' lang='lat' dir='ltr'><strong>cum</strong></span> <span class='ocrx_word' id='word_1_68' title='bbox 521 797 602 839; x_wconf 85' lang='lat' dir='ltr'><strong>filii</strong></span> <span class='ocrx_word' id='word_1_69' title='bbox 624 809 800 854; x_wconf 88' lang='lat' dir='ltr'><strong>patrum</strong></span> <span class='ocrx_word' id='word_1_70' title='bbox 823 797 959 839; x_wconf 89' lang='lat' dir='ltr'><strong>curiis</strong></span> <span class='ocrx_word' id='word_1_71' title='bbox 979 799 1349 846; x_wconf 75' lang='lat' dir='ltr'>adscriberentur,</span> <span class='ocrx_word' id='word_1_72' title='bbox 1384 797 1478 838; x_wconf 88' lang='lat' dir='ltr'><strong>fieri</strong></span> <span class='ocrx_word' id='word_1_73' title='bbox 1505 811 1579 838; x_wconf 86' lang='lat' dir='ltr'><strong>au·</strong></span> 
     </span>
     <span class='ocr_line' id='line_1_11' title="bbox 246 870 1577 926; baseline -0.002 -15"><span class='ocrx_word' id='word_1_74' title='bbox 246 881 336 912; x_wconf 89' lang='lat' dir='ltr'><strong>tem</strong></span> <span class='ocrx_word' id='word_1_75' title='bbox 359 885 450 912; x_wconf 90' lang='lat' dir='ltr'><strong>non</strong></span> <span class='ocrx_word' id='word_1_76' title='bbox 482 882 652 926; x_wconf 83' lang='lat' dir='ltr'><strong>posset,</strong></span> <span class='ocrx_word' id='word_1_77' title='bbox 700 870 809 926; x_wconf 89' lang='lat' dir='ltr'><strong>quin</strong></span> <span class='ocrx_word' id='word_1_78' title='bbox 840 886 963 912; x_wconf 86' lang='lat' dir='ltr'><strong>suam</strong></span> <span class='ocrx_word' id='word_1_79' title='bbox 995 872 1365 926; x_wconf 87' lang='lat' dir='ltr'><strong>fortunarumque</strong></span> <span class='ocrx_word' id='word_1_80' title='bbox 1396 882 1577 911; x_wconf 86' lang='lat' dir='ltr'><strong>suarum</strong></span> 
     </span>
     <span class='ocr_line' id='line_1_12' title="bbox 243 941 1578 999; baseline -0.001 -16"><span class='ocrx_word' id='word_1_81' title='bbox 243 944 395 984; x_wconf 86' lang='lat' dir='ltr'><strong>sedem</strong></span> <span class='ocrx_word' id='word_1_82' title='bbox 427 955 748 998; x_wconf 87' lang='lat' dir='ltr'><strong>nonnunquam</strong></span> <span class='ocrx_word' id='word_1_83' title='bbox 779 941 828 983; x_wconf 90' lang='lat' dir='ltr'><strong>in</strong></span> <span class='ocrx_word' id='word_1_84' title='bbox 858 943 986 984; x_wconf 88' lang='lat' dir='ltr'><strong>aliam</strong></span> <span class='ocrx_word' id='word_1_85' title='bbox 1026 942 1196 985; x_wconf 85' lang='lat' dir='ltr'><strong>Atticae</strong></span> <span class='ocrx_word' id='word_1_86' title='bbox 1226 947 1395 999; x_wconf 83' lang='lat' dir='ltr'><strong>partem</strong></span> <span class='ocrx_word' id='word_1_87' title='bbox 1429 952 1578 982; x_wconf 86' lang='lat' dir='ltr'><strong>trans-</strong></span> 
     </span>
     <span class='ocr_line' id='line_1_13' title="bbox 246 1013 1576 1070; baseline -0.002 -16"><span class='ocrx_word' id='word_1_88' title='bbox 246 1014 436 1062; x_wconf 84' lang='lat' dir='ltr'><strong>ferrent,</strong></span> <span class='ocrx_word' id='word_1_89' title='bbox 477 1013 594 1053; x_wconf 83' lang='lat' dir='ltr'><strong>haud</strong></span> <span class='ocrx_word' id='word_1_90' title='bbox 626 1026 722 1054; x_wconf 84' lang='lat' dir='ltr'><strong>raro</strong></span> <span class='ocrx_word' id='word_1_91' title='bbox 763 1013 963 1055; x_wconf 88' lang='lat' dir='ltr'><strong>evenisse</strong></span> <span class='ocrx_word' id='word_1_92' title='bbox 996 1025 1193 1070; x_wconf 82' lang='lat' dir='ltr'><strong>oportet,</strong></span> <span class='ocrx_word' id='word_1_93' title='bbox 1239 1024 1290 1054; x_wconf 90' lang='lat' dir='ltr'><strong>ut</strong></span> <span class='ocrx_word' id='word_1_94' title='bbox 1322 1013 1399 1069; x_wconf 88' lang='lat' dir='ltr'><strong>qui</strong></span> <span class='ocrx_word' id='word_1_95' title='bbox 1430 1015 1576 1054; x_wconf 87' lang='lat' dir='ltr'><strong>Mara-</strong></span> 
     </span>
     <span class='ocr_line' id='line_1_14' title="bbox 244 1083 1578 1138; baseline 0.001 -14"><span class='ocrx_word' id='word_1_96' title='bbox 244 1084 408 1129; x_wconf 83' lang='lat' dir='ltr'><strong>thone.</strong></span> <span class='ocrx_word' id='word_1_97' title='bbox 449 1083 574 1125; x_wconf 89' lang='lat' dir='ltr'><strong>verbi</strong></span> <span class='ocrx_word' id='word_1_98' title='bbox 608 1098 756 1138; x_wconf 86' lang='lat' dir='ltr'><strong>causa,</strong></span> <span class='ocrx_word' id='word_1_99' title='bbox 788 1084 1026 1134; x_wconf 80' lang='lat' dir='ltr'><strong>habitaret,</strong></span> <span class='ocrx_word' id='word_1_100' title='bbox 1068 1099 1159 1127; x_wconf 87' lang='lat' dir='ltr'><strong>non</strong></span> <span class='ocrx_word' id='word_1_101' title='bbox 1191 1085 1239 1125; x_wconf 89' lang='lat' dir='ltr'><strong>in</strong></span> <span class='ocrx_word' id='word_1_102' title='bbox 1272 1083 1578 1126; x_wconf 79' lang='lat' dir='ltr'><strong>Marathonio-</strong></span> 
     </span>
     <span class='ocr_line' id='line_1_15' title="bbox 245 1154 1577 1207; baseline -0.002 -9"><span class='ocrx_word' id='word_1_103' title='bbox 245 1171 342 1198; x_wconf 87' lang='lat' dir='ltr'><strong>rum</strong></span> <span class='ocrx_word' id='word_1_104' title='bbox 380 1154 502 1196; x_wconf 89' lang='lat' dir='ltr'><strong>curia</strong></span> <span class='ocrx_word' id='word_1_105' title='bbox 543 1167 813 1207; x_wconf 82' lang='lat' dir='ltr'><strong>censeretur,</strong></span> <span class='ocrx_word' id='word_1_106' title='bbox 861 1158 936 1199; x_wconf 85' lang='lat' dir='ltr'><strong>sed</strong></span> <span class='ocrx_word' id='word_1_107' title='bbox 986 1155 1183 1198; x_wconf 77' lang='lat' dir='ltr'><strong>fortassis</strong></span> <span class='ocrx_word' id='word_1_108' title='bbox 1224 1156 1272 1198; x_wconf 90' lang='lat' dir='ltr'><strong>in</strong></span> <span class='ocrx_word' id='word_1_109' title='bbox 1325 1159 1577 1199; x_wconf 79' lang='lat' dir='ltr'><strong>Acharneu-</strong></span> 
     </span>
     <span class='ocr_line' id='line_1_16' title="bbox 243 1225 1576 1284; baseline 0 -15"><span class='ocrx_word' id='word_1_110' title='bbox 243 1226 380 1276; x_wconf 83' lang='lat' dir='ltr'><strong>sium,</strong></span> <span class='ocrx_word' id='word_1_111' title='bbox 412 1225 574 1282; x_wconf 84' lang='lat' dir='ltr'><strong>quibus</strong></span> <span class='ocrx_word' id='word_1_112' title='bbox 589 1230 641 1269; x_wconf 92' lang='lat' dir='ltr'><strong>ab</strong></span> <span class='ocrx_word' id='word_1_113' title='bbox 674 1226 810 1269; x_wconf 87' lang='lat' dir='ltr'><strong>initio</strong></span> <span class='ocrx_word' id='word_1_114' title='bbox 843 1227 1012 1269; x_wconf 89' lang='lat' dir='ltr'><strong>familia</strong></span> <span class='ocrx_word' id='word_1_115' title='bbox 1035 1233 1128 1279; x_wconf 86' lang='lat' dir='ltr'><strong>ejus</strong></span> <span class='ocrx_word' id='word_1_116' title='bbox 1149 1227 1363 1284; x_wconf 89' lang='lat' dir='ltr'><strong>inscripta</strong></span> <span class='ocrx_word' id='word_1_117' title='bbox 1388 1232 1576 1277; x_wconf 78' lang='lat' dir='ltr'><strong>esset⁴⁵).</strong></span> 
     </span>
     <span class='ocr_line' id='line_1_17' title="bbox 244 1294 1574 1354; baseline -0.001 -14"><span class='ocrx_word' id='word_1_118' title='bbox 244 1301 404 1353; x_wconf 82' lang='lat' dir='ltr'>Neque</span> <span class='ocrx_word' id='word_1_119' title='bbox 427 1298 584 1338; x_wconf 90' lang='lat' dir='ltr'><strong>habuit</strong></span> <span class='ocrx_word' id='word_1_120' title='bbox 605 1301 714 1339; x_wconf 89' lang='lat' dir='ltr'><strong>haec</strong></span> <span class='ocrx_word' id='word_1_121' title='bbox 736 1313 801 1339; x_wconf 88' lang='lat' dir='ltr'><strong>res</strong></span> <span class='ocrx_word' id='word_1_122' title='bbox 822 1294 1062 1354; x_wconf 83' lang='lat' dir='ltr'><strong>quidquam</strong></span> <span class='ocrx_word' id='word_1_123' title='bbox 1083 1297 1363 1340; x_wconf 86' lang='lat' dir='ltr'>incommodi</span> <span class='ocrx_word' id='word_1_124' title='bbox 1384 1309 1461 1340; x_wconf 91' lang='lat' dir='ltr'><strong>aut</strong></span> <span class='ocrx_word' id='word_1_125' title='bbox 1481 1311 1574 1339; x_wconf 90' lang='lat' dir='ltr'><strong>mo-</strong></span> 
     </span>
     <span class='ocr_line' id='line_1_18' title="bbox 242 1368 1570 1425; baseline -0.002 -14"><span class='ocrx_word' id='word_1_126' title='bbox 242 1368 411 1416; x_wconf 84' lang='lat' dir='ltr'><strong>lestiae,</strong></span> <span class='ocrx_word' id='word_1_127' title='bbox 445 1381 547 1409; x_wconf 90' lang='lat' dir='ltr'><strong>cum</strong></span> <span class='ocrx_word' id='word_1_128' title='bbox 571 1382 728 1410; x_wconf 88' lang='lat' dir='ltr'><strong>omnes</strong></span> <span class='ocrx_word' id='word_1_129' title='bbox 751 1368 992 1411; x_wconf 86' lang='lat' dir='ltr'><strong>curialium</strong></span> <span class='ocrx_word' id='word_1_130' title='bbox 1025 1369 1349 1425; x_wconf 82' lang='lat' dir='ltr'>tribuliumque</span> <span class='ocrx_word' id='word_1_131' title='bbox 1381 1382 1570 1410; x_wconf 86' lang='lat' dir='ltr'><strong>conven-</strong></span> 
     </span>
     <span class='ocr_line' id='line_1_19' title="bbox 243 1438 1573 1495; baseline -0.001 -14"><span class='ocrx_word' id='word_1_132' title='bbox 243 1451 316 1481; x_wconf 89' lang='lat' dir='ltr'><strong>tus</strong></span> <span class='ocrx_word' id='word_1_133' title='bbox 330 1438 569 1495; x_wconf 87' lang='lat' dir='ltr'><strong>omnisque</strong></span> <span class='ocrx_word' id='word_1_134' title='bbox 587 1454 736 1480; x_wconf 85' lang='lat' dir='ltr'><strong>rerum</strong></span> <span class='ocrx_word' id='word_1_135' title='bbox 751 1439 1062 1482; x_wconf 87' lang='lat' dir='ltr'><strong>communium</strong></span> <span class='ocrx_word' id='word_1_136' title='bbox 1079 1439 1403 1482; x_wconf 82' lang='lat' dir='ltr'><strong>administratio</strong></span> <span class='ocrx_word' id='word_1_137' title='bbox 1415 1453 1507 1481; x_wconf 88' lang='lat' dir='ltr'><strong>non</strong></span> <span class='ocrx_word' id='word_1_138' title='bbox 1523 1438 1573 1480; x_wconf 86' lang='lat' dir='ltr'><strong>in</strong></span> 
     </span>
     <span class='ocr_line' id='line_1_20' title="bbox 242 1509 1571 1568; baseline 0.002 -17"><span class='ocrx_word' id='word_1_139' title='bbox 242 1510 342 1553; x_wconf 86' lang='lat' dir='ltr'><strong>istis</strong></span> <span class='ocrx_word' id='word_1_140' title='bbox 357 1509 532 1567; x_wconf 86' lang='lat' dir='ltr'><strong>oppidis</strong></span> <span class='ocrx_word' id='word_1_141' title='bbox 547 1511 758 1568; x_wconf 82' lang='lat' dir='ltr'><strong>pagisque</strong></span> <span class='ocrx_word' id='word_1_142' title='bbox 771 1513 848 1553; x_wconf 84' lang='lat' dir='ltr'><strong>sed</strong></span> <span class='ocrx_word' id='word_1_143' title='bbox 861 1511 1042 1553; x_wconf 83' lang='lat' dir='ltr'><strong>Athenis</strong></span> <span class='ocrx_word' id='word_1_144' title='bbox 1055 1523 1225 1552; x_wconf 89' lang='lat' dir='ltr'><strong>tantum</strong></span> <span class='ocrx_word' id='word_1_145' title='bbox 1240 1521 1571 1567; x_wconf 82' lang='lat' dir='ltr'><strong>peragerentur.</strong></span> 
     </span>
    </p>

    <p class='ocr_par' dir='ltr' id='par_1_3' title="bbox 232 1580 1573 2353">
     <span class='ocr_line' id='line_1_21' title="bbox 327 1580 1573 1625; baseline -0.001 0"><span class='ocrx_word' id='word_1_146' title='bbox 327 1585 554 1625; x_wconf 84' lang='lat' dir='ltr'><strong>Numerus</strong></span> <span class='ocrx_word' id='word_1_147' title='bbox 587 1593 735 1624; x_wconf 84' lang='lat' dir='ltr'><strong>autem</strong></span> <span class='ocrx_word' id='word_1_148' title='bbox 767 1582 990 1625; x_wconf 86' lang='lat' dir='ltr'><strong>curiarum</strong></span> <span class='ocrx_word' id='word_1_149' title='bbox 1021 1598 1114 1625; x_wconf 91' lang='lat' dir='ltr'><strong>non</strong></span> <span class='ocrx_word' id='word_1_150' title='bbox 1144 1582 1265 1623; x_wconf 91' lang='lat' dir='ltr'><strong>idem</strong></span> <span class='ocrx_word' id='word_1_151' title='bbox 1297 1580 1424 1623; x_wconf 83' lang='lat' dir='ltr'><strong>omni</strong></span> <span class='ocrx_word' id='word_1_152' title='bbox 1455 1592 1573 1624; x_wconf 87' lang='lat' dir='ltr'><strong>tem-</strong></span> 
     </span>
     <span class='ocr_line' id='line_1_22' title="bbox 240 1653 1570 1712; baseline -0.002 -16"><span class='ocrx_word' id='word_1_153' title='bbox 240 1668 349 1712; x_wconf 84' lang='lat' dir='ltr'><strong>pore</strong></span> <span class='ocrx_word' id='word_1_154' title='bbox 386 1653 656 1710; x_wconf 84' lang='lat' dir='ltr'><strong>permansit,</strong></span> <span class='ocrx_word' id='word_1_155' title='bbox 704 1656 782 1696; x_wconf 77' lang='lat' dir='ltr'><strong>sed</strong></span> <span class='ocrx_word' id='word_1_156' title='bbox 831 1665 1006 1696; x_wconf 89' lang='lat' dir='ltr'><strong>tantum</strong></span> <span class='ocrx_word' id='word_1_157' title='bbox 1058 1669 1150 1696; x_wconf 90' lang='lat' dir='ltr'><strong>non</strong></span> <span class='ocrx_word' id='word_1_158' title='bbox 1194 1653 1448 1710; x_wconf 86' lang='lat' dir='ltr'><strong>duplicatus</strong></span> <span class='ocrx_word' id='word_1_159' title='bbox 1492 1664 1570 1699; x_wconf 82' lang='lat' dir='ltr'><strong>est,</strong></span> 
     </span>
     <span class='ocr_line' id='line_1_23' title="bbox 241 1723 1570 1772; baseline -0.002 -3"><span class='ocrx_word' id='word_1_160' title='bbox 241 1729 358 1770; x_wconf 82' lang='lat' dir='ltr'><strong>Nam</strong></span> <span class='ocrx_word' id='word_1_161' title='bbox 400 1740 501 1767; x_wconf 88' lang='lat' dir='ltr'><strong>cum</strong></span> <span class='ocrx_word' id='word_1_162' title='bbox 543 1740 567 1766; x_wconf 84' lang='lat' dir='ltr'><strong>a</strong></span> <span class='ocrx_word' id='word_1_163' title='bbox 618 1723 846 1768; x_wconf 88' lang='lat' dir='ltr'><strong>Clisthene</strong></span> <span class='ocrx_word' id='word_1_164' title='bbox 896 1737 1078 1767; x_wconf 81' lang='lat' dir='ltr'><strong>centum</strong></span> <span class='ocrx_word' id='word_1_165' title='bbox 1129 1725 1363 1766; x_wconf 85' lang='lat' dir='ltr'><strong>institutae</strong></span> <span class='ocrx_word' id='word_1_166' title='bbox 1408 1735 1570 1772; x_wconf 83' lang='lat' dir='ltr'><strong>essent.</strong></span> 
     </span>
     <span class='ocr_line' id='line_1_24' title="bbox 244 1795 1570 1854; baseline -0.003 -12"><span class='ocrx_word' id='word_1_167' title='bbox 244 1796 475 1842; x_wconf 81' lang='lat' dir='ltr'><strong>Strabonis</strong></span> <span class='ocrx_word' id='word_1_168' title='bbox 507 1808 708 1854; x_wconf 87' lang='lat' dir='ltr'><strong>tempore</strong></span> <span class='ocrx_word' id='word_1_169' title='bbox 742 1798 921 1838; x_wconf 88' lang='lat' dir='ltr'><strong>fuerunt</strong></span> <span class='ocrx_word' id='word_1_170' title='bbox 953 1805 1134 1840; x_wconf 82' lang='lat' dir='ltr'><strong>centum</strong></span> <span class='ocrx_word' id='word_1_171' title='bbox 1158 1795 1438 1853; x_wconf 87' lang='lat' dir='ltr'><strong>septuaginta</strong></span> <span class='ocrx_word' id='word_1_172' title='bbox 1467 1811 1570 1853; x_wconf 82' lang='lat' dir='ltr'><strong>qua-</strong></span> 
     </span>
     <span class='ocr_line' id='line_1_25' title="bbox 240 1867 1569 1921; baseline -0.001 -10"><span class='ocrx_word' id='word_1_173' title='bbox 240 1881 357 1911; x_wconf 85' lang='lat' dir='ltr'><strong>tuor.</strong></span> <span class='ocrx_word' id='word_1_174' title='bbox 417 1869 557 1921; x_wconf 87' lang='lat' dir='ltr'><strong>Cujus</strong></span> <span class='ocrx_word' id='word_1_175' title='bbox 585 1867 651 1909; x_wconf 88' lang='lat' dir='ltr'><strong>rei</strong></span> <span class='ocrx_word' id='word_1_176' title='bbox 683 1882 834 1910; x_wconf 89' lang='lat' dir='ltr'><strong>causas</strong></span> <span class='ocrx_word' id='word_1_177' title='bbox 863 1868 1000 1910; x_wconf 85' lang='lat' dir='ltr'><strong>fuisse</strong></span> <span class='ocrx_word' id='word_1_178' title='bbox 1040 1869 1228 1910; x_wconf 84' lang='lat' dir='ltr'><strong>arbitror</strong></span> <span class='ocrx_word' id='word_1_179' title='bbox 1257 1882 1361 1910; x_wconf 89' lang='lat' dir='ltr'><strong>cum</strong></span> <span class='ocrx_word' id='word_1_180' title='bbox 1393 1878 1569 1910; x_wconf 86' lang='lat' dir='ltr'><strong>auctam</strong></span> 
     </span>
     <span class='ocr_line' id='line_1_26' title="bbox 232 1939 1569 1996; baseline -0.002 -13"><span class='ocrx_word' id='word_1_181' title='bbox 232 1939 475 1983; x_wconf 83' lang='lat' dir='ltr'><strong>hominum</strong></span> <span class='ocrx_word' id='word_1_182' title='bbox 506 1939 553 1980; x_wconf 91' lang='lat' dir='ltr'><strong>in</strong></span> <span class='ocrx_word' id='word_1_183' title='bbox 583 1939 726 1981; x_wconf 90' lang='lat' dir='ltr'><strong>Attica</strong></span> <span class='ocrx_word' id='word_1_184' title='bbox 757 1939 1121 1989; x_wconf 85' lang='lat' dir='ltr'><strong>multitudinem,</strong></span> <span class='ocrx_word' id='word_1_185' title='bbox 1160 1953 1386 1996; x_wconf 82' lang='lat' dir='ltr'><strong>pagosque</strong></span> <span class='ocrx_word' id='word_1_186' title='bbox 1426 1953 1569 1981; x_wconf 87' lang='lat' dir='ltr'><strong>novos</strong></span> 
     </span>
     <span class='ocr_line' id='line_1_27' title="bbox 239 2011 1567 2068; baseline -0.002 -14"><span class='ocrx_word' id='word_1_187' title='bbox 239 2011 472 2058; x_wconf 86' lang='lat' dir='ltr'><strong>conditos,</strong></span> <span class='ocrx_word' id='word_1_188' title='bbox 507 2022 601 2052; x_wconf 84' lang='lat' dir='ltr'><strong>tum</strong></span> <span class='ocrx_word' id='word_1_189' title='bbox 633 2022 782 2053; x_wconf 89' lang='lat' dir='ltr'><strong>autem</strong></span> <span class='ocrx_word' id='word_1_190' title='bbox 814 2011 980 2053; x_wconf 85' lang='lat' dir='ltr'><strong>additas</strong></span> <span class='ocrx_word' id='word_1_191' title='bbox 1013 2012 1120 2052; x_wconf 87' lang='lat' dir='ltr'><strong>duas</strong></span> <span class='ocrx_word' id='word_1_192' title='bbox 1146 2011 1301 2059; x_wconf 83' lang='lat' dir='ltr'><strong>tribus,</strong></span> <span class='ocrx_word' id='word_1_193' title='bbox 1335 2011 1567 2068; x_wconf 82' lang='lat' dir='ltr'><strong>Antigoni-</strong></span> 
     </span>
     <span class='ocr_line' id='line_1_28' title="bbox 241 2081 1567 2139; baseline 0 -15"><span class='ocrx_word' id='word_1_194' title='bbox 241 2085 342 2124; x_wconf 88' lang='lat' dir='ltr'><strong>dem</strong></span> <span class='ocrx_word' id='word_1_195' title='bbox 373 2093 416 2124; x_wconf 91' lang='lat' dir='ltr'><strong>et</strong></span> <span class='ocrx_word' id='word_1_196' title='bbox 447 2082 803 2133; x_wconf 86' lang='lat' dir='ltr'><strong>Demetriadem,</strong></span> <span class='ocrx_word' id='word_1_197' title='bbox 836 2097 948 2139; x_wconf 89' lang='lat' dir='ltr'><strong>quae</strong></span> <span class='ocrx_word' id='word_1_198' title='bbox 979 2094 1100 2139; x_wconf 88' lang='lat' dir='ltr'><strong>post,</strong></span> <span class='ocrx_word' id='word_1_199' title='bbox 1142 2081 1326 2124; x_wconf 88' lang='lat' dir='ltr'><strong>mutatis</strong></span> <span class='ocrx_word' id='word_1_200' title='bbox 1364 2081 1567 2125; x_wconf 89' lang='lat' dir='ltr'><strong>nomini-</strong></span> 
     </span>
     <span class='ocr_line' id='line_1_29' title="bbox 240 2153 1564 2209; baseline 0.002 -15"><span class='ocrx_word' id='word_1_201' title='bbox 240 2155 347 2201; x_wconf 91' lang='lat' dir='ltr'><strong>bus,</strong></span> <span class='ocrx_word' id='word_1_202' title='bbox 380 2155 620 2196; x_wconf 84' lang='lat' dir='ltr'><strong>Ptolemais</strong></span> <span class='ocrx_word' id='word_1_203' title='bbox 653 2166 695 2196; x_wconf 87' lang='lat' dir='ltr'><strong>et</strong></span> <span class='ocrx_word' id='word_1_204' title='bbox 724 2154 879 2197; x_wconf 80' lang='lat' dir='ltr'><strong>Attalis</strong></span> <span class='ocrx_word' id='word_1_205' title='bbox 911 2156 1049 2196; x_wconf 89' lang='lat' dir='ltr'><strong>dictae</strong></span> <span class='ocrx_word' id='word_1_206' title='bbox 1090 2165 1207 2196; x_wconf 89' lang='lat' dir='ltr'><strong>sunt.</strong></span> <span class='ocrx_word' id='word_1_207' title='bbox 1279 2153 1402 2209; x_wconf 78' lang='lat' dir='ltr'><strong>Quid</strong></span> <span class='ocrx_word' id='word_1_208' title='bbox 1445 2154 1564 2196; x_wconf 77' lang='lat' dir='ltr'><strong>enim</strong></span> 
     </span>
     <span class='ocr_line' id='line_1_30' title="bbox 241 2223 1565 2282; baseline 0 -16"><span class='ocrx_word' id='word_1_209' title='bbox 241 2224 556 2273; x_wconf 87' lang='lat' dir='ltr'><strong>verisimilius,</strong></span> <span class='ocrx_word' id='word_1_210' title='bbox 591 2241 724 2282; x_wconf 88' lang='lat' dir='ltr'><strong>quam</strong></span> <span class='ocrx_word' id='word_1_211' title='bbox 757 2237 866 2267; x_wconf 90' lang='lat' dir='ltr'><strong>tunc</strong></span> <span class='ocrx_word' id='word_1_212' title='bbox 897 2241 947 2268; x_wconf 88' lang='lat' dir='ltr'><strong>ex</strong></span> <span class='ocrx_word' id='word_1_213' title='bbox 978 2223 1172 2281; x_wconf 83' lang='lat' dir='ltr'><strong>antiquis</strong></span> <span class='ocrx_word' id='word_1_214' title='bbox 1205 2224 1337 2266; x_wconf 87' lang='lat' dir='ltr'><strong>curiis</strong></span> <span class='ocrx_word' id='word_1_215' title='bbox 1368 2226 1565 2266; x_wconf 89' lang='lat' dir='ltr'><strong>nonnul-</strong></span> 
     </span>
     <span class='ocr_line' id='line_1_31' title="bbox 241 2295 1562 2353; baseline 0.002 -16"><span class='ocrx_word' id='word_1_216' title='bbox 241 2298 327 2345; x_wconf 92' lang='lat' dir='ltr'><strong>las,</strong></span> <span class='ocrx_word' id='word_1_217' title='bbox 361 2311 471 2353; x_wconf 89' lang='lat' dir='ltr'><strong>quae</strong></span> <span class='ocrx_word' id='word_1_218' title='bbox 502 2302 689 2350; x_wconf 82' lang='lat' dir='ltr'><strong>majores</strong></span> <span class='ocrx_word' id='word_1_219' title='bbox 723 2309 885 2346; x_wconf 86' lang='lat' dir='ltr'><strong>essent,</strong></span> <span class='ocrx_word' id='word_1_220' title='bbox 918 2296 967 2338; x_wconf 87' lang='lat' dir='ltr'><strong>in</strong></span> <span class='ocrx_word' id='word_1_221' title='bbox 996 2298 1142 2353; x_wconf 88' lang='lat' dir='ltr'><strong>plures</strong></span> <span class='ocrx_word' id='word_1_222' title='bbox 1173 2295 1366 2338; x_wconf 87' lang='lat' dir='ltr'><strong>minores</strong></span> <span class='ocrx_word' id='word_1_223' title='bbox 1400 2295 1562 2340; x_wconf 78' lang='lat' dir='ltr'><strong>divisas</strong></span> 
     </span>
    </p>
   </div>
   <div class='ocr_carea' id='block_1_2' title="bbox 236 2457 1561 2691">
    <p class='ocr_par' dir='ltr' id='par_1_4' title="bbox 236 2457 1561 2691">
     <span class='ocr_line' id='line_1_32' title="bbox 285 2457 1561 2508; baseline -0.002 -13"><span class='ocrx_word' id='word_1_224' title='bbox 285 2464 345 2506; x_wconf 85' lang='lat'><strong>45)</strong></span> <span class='ocrx_word' id='word_1_225' title='bbox 373 2463 522 2507; x_wconf 85' lang='lat' dir='ltr'><strong>Taylor.</strong></span> <span class='ocrx_word' id='word_1_226' title='bbox 550 2464 670 2497; x_wconf 84' lang='lat' dir='ltr'><strong>Lectt.</strong></span> <span class='ocrx_word' id='word_1_227' title='bbox 698 2463 840 2508; x_wconf 75' lang='lat' dir='ltr'><strong>Lysiae.</strong></span> <span class='ocrx_word' id='word_1_228' title='bbox 866 2474 902 2508; x_wconf 89' lang='lat' dir='ltr'><strong>p.</strong></span> <span class='ocrx_word' id='word_1_229' title='bbox 931 2472 1006 2506; x_wconf 79' lang='lat'><strong>252.</strong></span> <span class='ocrx_word' id='word_1_230' title='bbox 1032 2463 1118 2496; x_wconf 86' lang='lat' dir='ltr'><strong>Non</strong></span> <span class='ocrx_word' id='word_1_231' title='bbox 1150 2467 1280 2496; x_wconf 79' lang='lat' dir='ltr'><strong>omnes</strong></span> <span class='ocrx_word' id='word_1_232' title='bbox 1306 2460 1345 2493; x_wconf 87' lang='lat' dir='ltr'><strong>in</strong></span> <span class='ocrx_word' id='word_1_233' title='bbox 1369 2471 1435 2494; x_wconf 89' lang='lat' dir='ltr'><strong>suo</strong></span> <span class='ocrx_word' id='word_1_234' title='bbox 1460 2457 1561 2504; x_wconf 78' lang='grc' dir='ltr'><strong>δήμῳ</strong></span> 
     </span>
     <span class='ocr_line' id='line_1_33' title="bbox 239 2519 1559 2568; baseline -0.002 -13"><span class='ocrx_word' id='word_1_235' title='bbox 239 2521 426 2557; x_wconf 80' lang='lat' dir='ltr'><strong>habitasse</strong></span> <span class='ocrx_word' id='word_1_236' title='bbox 450 2529 552 2568; x_wconf 86' lang='lat' dir='ltr'><strong>patet</strong></span> <span class='ocrx_word' id='word_1_237' title='bbox 572 2536 593 2558; x_wconf 91' lang='lat' dir='ltr'><strong>e</strong></span> <span class='ocrx_word' id='word_1_238' title='bbox 617 2524 813 2559; x_wconf 85' lang='lat' dir='ltr'><strong>Demosth.</strong></span> <span class='ocrx_word' id='word_1_239' title='bbox 843 2524 919 2558; x_wconf 87' lang='lat' dir='ltr'><strong>adv.</strong></span> <span class='ocrx_word' id='word_1_240' title='bbox 947 2522 1121 2557; x_wconf 83' lang='lat' dir='ltr'><strong>Eubulid.</strong></span> <span class='ocrx_word' id='word_1_241' title='bbox 1147 2535 1183 2568; x_wconf 92' lang='lat' dir='ltr'><strong>p.</strong></span> <span class='ocrx_word' id='word_1_242' title='bbox 1216 2533 1321 2566; x_wconf 79' lang='lat'><strong>1502,</strong></span> <span class='ocrx_word' id='word_1_243' title='bbox 1355 2531 1397 2554; x_wconf 79' lang='lat' dir='ltr'><strong>ac</strong></span> <span class='ocrx_word' id='word_1_244' title='bbox 1420 2519 1559 2554; x_wconf 77' lang='lat' dir='ltr'><strong>multos</strong></span> 
     </span>
     <span class='ocr_line' id='line_1_34' title="bbox 236 2580 1556 2630; baseline 0.002 -15"><span class='ocrx_word' id='word_1_245' title='bbox 236 2583 273 2615; x_wconf 84' lang='lat' dir='ltr'><strong>in</strong></span> <span class='ocrx_word' id='word_1_246' title='bbox 299 2583 430 2617; x_wconf 79' lang='lat' dir='ltr'><strong>alienis</strong></span> <span class='ocrx_word' id='word_1_247' title='bbox 457 2581 584 2630; x_wconf 76' lang='grc' dir='ltr'><strong><em>δήμοις</em></strong></span> <span class='ocrx_word' id='word_1_248' title='bbox 608 2585 743 2620; x_wconf 84' lang='lat' dir='ltr'><strong>fundos</strong></span> <span class='ocrx_word' id='word_1_249' title='bbox 770 2585 956 2628; x_wconf 74' lang='lat' dir='ltr'><strong>habuisse,</strong></span> <span class='ocrx_word' id='word_1_250' title='bbox 982 2595 1028 2620; x_wconf 82' lang='lat' dir='ltr'><strong>ex</strong></span> <span class='ocrx_word' id='word_1_251' title='bbox 1050 2583 1134 2619; x_wconf 84' lang='lat' dir='ltr'><strong>eod·</strong></span> <span class='ocrx_word' id='word_1_252' title='bbox 1158 2582 1200 2617; x_wconf 86' lang='lat' dir='ltr'><strong>in</strong></span> <span class='ocrx_word' id='word_1_253' title='bbox 1224 2580 1366 2627; x_wconf 82' lang='lat' dir='ltr'><strong>Polycl.</strong></span> <span class='ocrx_word' id='word_1_254' title='bbox 1391 2592 1427 2626; x_wconf 85' lang='lat' dir='ltr'><strong>p·</strong></span> <span class='ocrx_word' id='word_1_255' title='bbox 1458 2584 1556 2619; x_wconf 83' lang='lat'><strong>1208·</strong></span> 
     </span>
     <span class='ocr_line' id='line_1_35' title="bbox 237 2643 840 2691; baseline 0.002 -14"><span class='ocrx_word' id='word_1_256' title='bbox 237 2643 299 2680; x_wconf 79' lang='lat' dir='ltr'><strong>Cf.</strong></span> <span class='ocrx_word' id='word_1_257' title='bbox 322 2643 475 2678; x_wconf 82' lang='lat' dir='ltr'><strong>Aristot.</strong></span> <span class='ocrx_word' id='word_1_258' title='bbox 504 2646 647 2682; x_wconf 84' lang='lat' dir='ltr'><strong>Oecon.</strong></span> <span class='ocrx_word' id='word_1_259' title='bbox 674 2649 723 2683; x_wconf 86' lang='lat'><strong>11.</strong></span> <span class='ocrx_word' id='word_1_260' title='bbox 752 2660 781 2684; x_wconf 84' lang='lat'><strong>2.</strong></span> <span class='ocrx_word' id='word_1_261' title='bbox 809 2657 840 2691; x_wconf 86' lang='lat'><strong>5.</strong></span> 
     </span>
    </p>
   </div>
  </div>
 </body>
</html>
