1706 3058
1389 132 1447 192 59

122 255 388 314 {unlnalotg⁵).
416 251 715 296 usitatissima
729 261 878 292 tamen
889 250 997 291 haee
1009 248 1072 290 'est
1088 242 1278 289 formula
1293 259 1302 287 ε
1315 247 1448 287 ποιεῖν

123 332 338 382 ἐκκλησίαν
354 326 406 381 ⁶).
460 327 669 368 Ceterum
690 323 802 364 illud
825 333 1103 377 programma
1128 319 1318 360 tabulam
1341 313 1447 357 fuis-

124 417 198 449 se,
230 399 303 442 cui
326 398 536 453 inscripta
562 406 706 436 essent
728 392 931 451 negotia,
964 394 1016 433 de
1036 390 1199 448 quibus
1232 389 1280 430 in
1307 385 1450 428 comi-

123 471 202 514 tiis
222 471 499 513 tractandum
514 469 639 515 foret,
662 465 892 522 Ulpianus,
915 463 1081 519 aliique
1099 464 1246 518 plures
1267 461 1450 501 docent:

125 548 292 594 σανίδας
310 541 422 592 τινάς
442 540 593 597 inquit
616 538 716 591 ille,
747 540 985 593 ἐνέγραφον,
1016 535 1060 578 τὸ
1080 541 1244 591 πρᾶγμα
1270 531 1449 588 ἐχούσας,

125 619 221 673 περὶ
244 609 295 659 οὗ
315 613 340 670 ἦ
362 617 505 669 σκέψις
523 615 591 656 καὶ
610 613 703 667 περὶ
725 603 775 652 οὗ
799 608 1110 663 συνεληλύθασι,
1141 610 1210 650 καὶ
1239 607 1449 661 προετίθεε·

125 703 203 732 σαν
222 693 294 742 τῆς
314 689 547 742 ἐκκλησίας,
576 687 645 728 ἵνα
666 689 793 741 γνῶσι
819 681 990 734 πάντες,
1021 682 1114 738 περὶ
1145 683 1256 729 τίνος
1288 679 1392 720 ἐστὶν
1424 673 1452 729 ’ἦ

125 762 316 813 ἐκκλησία
329 761 385 811 ⁷).

212 833 298 874 Per
327 833 571 889 Praecones
603 839 751 869 autem
790 828 1007 883 populum
1040 825 1092 864 ad
1124 821 1308 864 comitia
1342 834 1455 862 con-

127 913 486 949 vocatumesse,
520 917 572 943 ex
602 897 907 955 Aristophanis
939 897 1131 953 quodam
1164 906 1293 933 versu
1325 891 1452 934 Peti-

124 986 219 1022 tus,
254 985 297 1015 et
328 973 402 1030 qui
435 988 536 1014 eum
569 972 712 1013 secuti
736 982 863 1022 sunt,
896 971 1195 1020 conjecerunt.
1254 965 1382 1019 Apud
1407 962 1457 1003 il·

127 1048 220 1088 lum
253 1045 372 1088 enim
405 1059 494 1085 una
527 1059 578 1084 ex
620 1042 907 1089 mulieribus,
951 1054 1063 1096 quae
1103 1035 1303 1079 comitiis
1345 1036 1458 1076 clam

127 1119 340 1161 iuteresse
371 1128 599 1173 paranteS,
631 1129 809 1156 summo
842 1128 970 1155 mane
1003 1127 1048 1152 se
1080 1102 1364 1165 congregant,
1397 1106 1460 1148 ait

351 1189 437 1246 ὅρα
467 1192 665 1245 βαδίζειν,
697 1185 752 1236 ὥς
783 1179 804 1229 ὅ
835 1185 963 1241 κῆρυξ
993 1183 1142 1238 ἀρτίως

347 1259 467 1315 ’ἡμῶν
497 1259 751 1316 προσιόντων
785 1257 976 1313 δεύτερον
1006 1247 1313 1302 κεκόκκυκενε).

128 1332 216 1377 Hic
247 1347 405 1374 verum
438 1346 705 1387 praeconem
737 1329 907 1373 Petitus
947 1324 1188 1380 intelligit:
1230 1336 1458 1379 „praeco-

129 1404 262 1456 nis,“
303 1402 454 1459 inquit
484 1417 627 1451 „voce
661 1403 884 1443 caiabatur
914 1400 1129 1455 populus,
1163 1397 1298 1452 idque
1330 1396 1458 1443 trina,

133 1475 224 1517 nisi
254 1477 380 1516 valde
420 1475 571 1522 fallor,
614 1488 727 1516 voce
760 1485 804 1515 et
835 1471 1156 1519 calatione‘ffl).
1216 1471 1279 1522 Ita
1321 1464 1460 1506 simili

132 1551 230 1600 joco
248 1560 409 1603 praeco
432 1547 484 1586 ab
509 1543 801 1600 Aristophane
822 1541 1047 1583 diceretur
1066 1539 1292 1590 κοκκύζειν,
1327 1553 1461 1593 quam

134 1632 223 1674 quo
257 1620 464 1659 utebatur
504 1616 748 1662 Demades,
792 1613 893 1670 qui,
935 1624 987 1653 ut
1026 1612 1143 1666 apud
1183 1612 1464 1651 Athenaeum

132 1699 421 1739 memoratur,
452 1688 523 1732 τὸν
542 1686 803 1744 ξσαλπιγκτὴν
834 1685 1022 1726 vocabat
1052 1682 1193 1725 κοινὸν
1219 1680 1461 1735 Ἀθηναίων

133 1760 428 1818 ἄλὲκτοραῐθ).
491 1762 546 1803 At
573 1757 847 1806 Brunclzius,
890 1766 935 1798 et
971 1757 1060 1796 hoc
1089 1756 1211 1806 loco,
1242 1763 1284 1794 et
1314 1754 1462 1809 paullo

134 1832 275 1886 infra,
305 1849 348 1876 v,
382 1833 478 1891 759.

183 1976 219 2020 5)
243 1975 374 2009 Liban.
395 1975 567 2009 Declam.
597 1974 695 2007 XVI.
718 1984 753 2017 p.
784 1970 864 2015 466.
891 1970 934 2003 B.
959 1968 1007 2002 cf.
1029 1965 1291 2002 Hemsterhus.
1319 1965 1366 1999 ad
1390 1966 1466 2000 Lu—

140 2037 236 2072 cian.
264 2039 444 2081 Necyom.
471 2037 579 2070 Tom.
608 2036 678 2068 III.
705 2045 742 2078 p.
764 2033 843 2077 561.
878 2031 961 2076 Bip.

187 2106 222 2148 6)
244 2105 417 2139 Aeschin.
443 2105 524 2139 adv.
549 2102 714 2148 Ctesiph.
732 2113 768 2147 p.
786 2113 865 2146 430.
914 2098 1113 2134 Demosth.
1145 2103 1266 2131 contr.
1302 2096 1400 2130 Mid.
1428 2107 1463 2142 p.

141 2178 220 2214 5¹?-
240 2167 320 2201 adV.
353 2166 557 2200 Timocrat.
585 2177 621 2211 p.
649 2164 728 2211 706.

189 2237 226 2282 7)
247 2235 395 2282 Ulpian.
418 2234 464 2268 ad
487 2233 582 2268 Phil.
601 2234 631 2267 Ι.
655 2244 692 2277 p.
711 2243 768 2276 55.
791 2232 831 2265 C.
853 2229 903 2265 cf.
924 2229 974 2263 id.
996 2228 1044 2262 ad
1070 2239 1123 2262 or.
1155 2227 1201 2261 de
1224 2227 1308 2262 fals.
1330 2227 1405 2272 leg.
1428 2238 1468 2271 p.

145 2309 222 2344 ¹⁰7·
242 2296 420 2335 B‚Sch01.
435 2295 482 2329 ad
492 2294 624 2328 Aesch.
641 2306 694 2328 or.
717 2294 763 2327 de
786 2293 1088 2337 fals.leg.p.24.1.
1110 2291 1155 2324 R.
1179 2290 1228 2324 cf.
1249 2289 1401 2334 Taylor.
1423 2288 1468 2322 ad

145 2359 256 2392 Dem.
274 2357 309 2391 d.
330 2358 358 2392 f.
379 2358 404 2391 1.
425 2370 462 2403 p.
484 2368 551 2402 399
573 2357 684 2400 (426).
714 2357 768 2389 Ac
795 2355 969 2395 fortasse,
992 2352 1023 2386 si
1041 2353 1141 2398 quod
1158 2349 1467 2387 senatusconsul-

111 2451 115 2454 .
146 2425 227 2453 tum
241 2425 340 2453 esset
357 2419 396 2453 in
410 2419 571 2453 comitiis
592 2417 638 2452 ad
656 2417 837 2462 populum
858 2413 1075 2455 ferendum,
1097 2413 1169 2446 hoc
1188 2423 1340 2458 quoque
1361 2410 1469 2444 simu]

146 2491 233 2515 cum
260 2486 538 2526 programmate
559 2480 683 2526 aliquo
710 2485 799 2514 ante
825 2484 997 2522 tempore
1025 2474 1187 2520 proponi
1219 2474 1375 2508 solebat.

193 2554 229 2588 8·
254 2549 441 2594 Aristoph.
463 2551 528 2583 Av.
551 2563 585 2583 v.
609 2560 665 2594 30.

191 2618 229 2664 9)
250 2618 366 2663 Legg.
394 2618 468 2653 Att.
501 2619 572 2654 111.
607 2629 634 2652 1.
667 2629 702 2663 p.
733 2621 809 2663 287.

188 2677 252 2720 do)
277 2679 503 2714 Athenaeus.
523 2679 595 2713 ΙΙΙ.
615 2688 671 2720 αι.
691 2688 728 2723 p.
752 2682 830 2726 387.
852 2674 1060 2720 Schweigh.
