1706 3058
1370 167 1416 196 IX

94 263 191 313 dia,
222 275 317 304 non
339 257 454 311 sola,
498 258 641 306 credo,
673 255 890 314 religione
912 257 1115 307 excitata,
1147 261 1293 316 paullo
1315 273 1417 318 post

91 346 290 391 tempore
314 329 646 375 Alcmaeonidas
680 328 851 382 judicio
880 331 1108 371 damnatos
1140 330 1189 372 in
1215 334 1416 375 exsilium

95 404 257 462 egit*).
291 427 345 437 —
404 401 517 444 Dein
543 401 847 443 vehementior
898 412 1019 442 mota
1053 413 1117 443 est
1153 403 1335 455 seditio,
1375 415 1420 445 ct

90 475 141 517 in
169 488 250 517 tres
273 473 485 515 factiones
508 484 599 514 tota
623 471 779 513 civitas
803 470 959 513 divisa.
1021 474 1190 515 Tenuis
1219 475 1341 516 enim
1374 487 1419 517 et

93 562 230 604 egena
248 544 515 592 multitudo,
550 547 676 595 cujus
705 541 939 584 durissima
963 555 1053 584 erat.
1075 545 1304 599 conditio,
1334 561 1421 602 po.-

94 617 290 660 tentium
310 616 414 658 odio
439 627 481 656 et
501 616 652 656 dolore
675 612 937 666 injuriarum
968 624 1209 664 commota,
1239 628 1419 660 omnem

89 687 382 745 patriciorum
411 685 721 730 auctoritatem
740 685 958 726 sublatam
990 696 1034 728 et
1051 685 1158 738 juris
1182 684 1301 726 inter
1320 700 1421 727 om,—

93 775 171 802 nes
193 759 368 802 ordines
391 755 751 814 aequabilitatem
769 754 1023 797 institutam
1046 755 1282 813 flagitabat.
1331 760 1419 798 Ho-

93 846 194 874 rum
235 829 471 872 hominum
519 826 732 884 quoniam
773 825 970 882 plerique
1000 838 1209 868 montana
1237 828 1355 880 loca,
1397 842 1422 873 a

92 904 320 944 Braurone
350 902 403 941 ad
430 901 697 942 Parnethem
728 896 1010 945 incolebant,
1044 912 1207 938 nomen
1235 898 1422 941 factioni

93 971 291 1013 inditum
315 981 381 1012 est
400 967 694 1011 Diacriorum.
753 965 835 1011 His
868 967 1038 1010 adversi
1069 979 1194 1009 erant
1222 970 1422 1025 locuple-

97 1041 246 1092 tiores,
269 1040 346 1098 qui
367 1053 610 1097 paucorum
630 1036 818 1093 imperio
835 1039 1061 1090 favebant5
1093 1037 1182 1096 qui,
1207 1039 1422 1094 quoniam

94 1120 383 1166 campestrem
427 1108 625 1164 plerique
666 1108 893 1168 regionem
930 1112 1166 1158 tenebant,
1219 1124 1330 1166 quae
1369 1114 1422 1154 ab

96 1179 305 1223 Eleusine
327 1179 522 1223 maxime
545 1181 600 1220 ad
617 1181 816 1236 Oropum
837 1179 1098 1242 porrigitur,
1118 1179 1296 1223 Pediaei
1321 1194 1424 1224 sunt

96 1249 314 1308 appellati.
375 1250 570 1295 Mediam
594 1250 715 1292 inter
743 1262 954 1308 utrosque
984 1263 1152 1307 partem
1183 1254 1424 1305 amplecte-

97 1323 257 1364 bantur
285 1322 501 1376 Parhalii‚
542 1322 675 1364 maris
714 1325 901 1364 accolae.
967 1324 1140 1367 Horum
1183 1325 1424 1370 certamina

98 1407 203 1435 cum
226 1393 304 1436 diu
327 1392 424 1435 sine
456 1405 623 1436 eventu
653 1397 982 1450 perturbassent
1015 1396 1350 1452 rempublicam,
1381 1411 1428 1449 et

97 1469 185 1518 jam
209 1480 260 1506 eo
282 1466 523 1506 deventum
546 1476 681 1513 esset,
714 1476 764 1506 ut
786 1480 808 1505 e
826 1463 1008 1521 plebejis
1027 1467 1236 1521 permulti
1256 1462 1427 1516 tabulas

93 1551 261 1585 novas,
291 1537 408 1591 leges
429 1535 615 1591 agrarias
637 1546 682 1581 et
701 1535 845 1581 omnis
864 1535 1135 1591 reipublicae
1158 1531 1296 1580 status
1318 1554 1428 1581 con-

101 1607 352 1649 versionem
372 1616 520 1661 aperte
539 1605 837 1656 minarentur,
869 1607 1115 1663 ducemque
1137 1607 1224 1649 sibi
1255 1621 1300 1650 et
1319 1610 1427 1652 vin..

101 1673 245 1716 dicem
264 1675 489 1723 libertatis,
522 1675 661 1717 etiam
683 1691 763 1731 per
789 1676 884 1716 vim
905 1679 1202 1731 quaerendae,
1234 1680 1430 1725 circum-

101 1745 335 1801 spicerent,
370 1748 544 1788 tandem
566 1748 786 1788 bonorum
809 1745 1020 1788 omnium
1036 1762 1255 1791 consensu
1273 1755 1429 1797 Soloni

99 1827 273 1865 summa
318 1833 465 1860 rerum
498 1818 730 1875 permissa,
767 1819 972 1876 legesque
1013 1833 1155 1861 novae
1194 1825 1430 1868 mandatae

101 1901 206 1939 sunt
245 1891 654 1942 describendae**).
818 1882 821 1885 μ

186 1963 328 2014 Solon·
343 1961 506 2017 itaque,
529 1964 692 2009 archon
709 1963 991 2010 constitutus,
1015 1975 1116 2006 cum
1138 1966 1432 2024 praecipuum

107 2034 328 2082 turbarum
352 2033 523 2081 fontem
548 2032 814 2090 intelligeret
832 2032 942 2076 aeris
964 2033 1096 2075 alieni
1130 2050 1236 2078 esse'
1254 2041 1430 2097 magni..

104 2103 304 2145 tudinem
321 2136 331 2152 ‚
365 2104 477 2145 nihil
497 2103 725 2160 antiquius
749 2106 927 2159 habuit,
960 2122 1091 2163 quam
1121 2118 1174 2149 ut
1200 2111 1433 2154 obaerato-

89 2189 200 2219 rrum
213 2175 341 2218 saluti
355 2178 615 2227 consuleret,
636 2175 796 2224 omnis,
819 2187 870 2218 ut
889 2177 1091 2232 plurimis
1112 2180 1267 2235 placet,
1293 2182 1432 2224 debiti

103 2246 381 2297 remissione,
415 2249 500 2298 vel,
535 2259 587 2289 ut
607 2245 682 2288 alii
706 2249 895 2298 tradunt,
917 2247 1110 2290 foenoris
1131 2248 1433 2295 diminutione

109 2328 154 2358 et
184 2330 314 2360 aucto
351 2333 634 2361 nummorum
661 2319 816 2375 pretio.
877 2321 1018 2370 Dein,
1051 2332 1101 2363 ut
1135 2336 1352 2365 novarum
1383 2325 1433 2366 in

104 2399 334 2451 posterum
354 2389 621 2432 seditionum
642 2406 789 2433 causas
817 2392 1106 2448 praecideret,
1138 2392 1328 2436 invisam
1353 2411 1432 2451 pa-

107 2457 340 2506 triciorum
382 2461 730 2505 dominationem
775 2463 978 2511 sustulit,
1017 2464 1139 2519 plebi
1183 2464 1434 2508 libertatem

110 2529 325 2581 adseruit,
360 2543 402 2575 et
419 2547 575 2590 aequa,
608 2535 755 2589 quoad
775 2532 871 2576 fieri
893 2535 1062 2595 potuit,
1096 2534 1304 2579 omnibus
1337 2543 1433 2590 jura

108 2600 380 2617 ᾕ-
905 2597 908 2600 .

155 2645 385 2685 *)He1·odot.
404 2650 445 2682 V.
460 2662 562 2696 c.71.
582 2650 751 2696 Thucyd.
774 2653 802 2686 I.
817 2664 846 2686 c.
871 2651 943 2686 126.
959 2651 1149 2686 Plutarch.
1171 2652 1294 2686 Solon.
1323 2664 1354 2686 c.
1379 2664 1430 2695 12.Δ

156 2703 321 2749 **)P1ut‚
334 2708 449 2744 Solon
460 2722 492 2746 c.
507 2722 560 2757 13·
574 2718 612 2747 et
625 2723 656 2750 e.
672 2725 727 2760 29.
739 2712 786 2747 cf.
799 2713 946 2756 Metus,
960 2713 1035 2748 Sol.
1050 2725 1081 2755 c,
1096 2724 1148 2747 ιο.
1161 2712 1342 2754 Pisistrat.
1357 2724 1387 2747 c.
1399 2724 1429 2758 ὅς
