1706 3058
1319 132 1401 177 257

71 224 187 273 cuit,
231 222 319 266 nisi
351 236 468 265 nova
501 222 715 266 continuo
746 218 1063 281 subrogaretur
1077 225 1144 280 ⁶0).
1217 227 1303 268 Sed
1342 228 1398 269 de

69 299 155 338 hoc
184 290 600 351 praescripto'infta
631 293 910 343 videbimus;
951 295 1072 351 prius
1103 306 1255 343 autem
1285 296 1398 341 illud

68 366 116 407 in
162 366 417 408 accusandis
463 363 667 420 Leptinis
708 365 1068 423 Timocratisque
1117 366 1290 424 legibus
1334 367 1396 412 ita

67 435 303 479 adhibetur
332 451 354 478 a
383 436 763 487 Demosthenem),
795 447 846 478 ut
876 450 1098 493 appareat,
1131 454 1223 487 non
1245 441 1301 482 ad
1324 454 1396 482 eas

66 511 216 552 solum
245 509 361 564 leges
390 505 673 563 pertinuisse,
705 521 817 562 quae
839 507 1047 564 antiquae
1071 510 1266 567 cuipiam
1297 511 1394 553 uni·

67 595 219 624 versae
249 581 534 635 obrogarent,
564 580 641 620 eed
670 580 724 620 ad
757 594 827 621 eas
859 593 1061 636 quoque,
1092 596 1279 637 quarum
1307 583 1391 627 sin0,

65 652 169 709 gula
198 649 342 706 capita
372 648 561 707 singulis
593 649 876 707 antiquarum
909 650 1129 708 capitibus
1169 653 1392 696 contraria

63 732 222 767 essent.
293 725 492 767 Tantum
540 735 644 762 cura
686 723 935 766 cavendum
973 735 1180 780 putarant
1220 736 1392 767 veteres

61 795 215 850 legum
245 794 427 841 latores,
460 807 541 841 ne,
578 792 614 833 si
644 793 791 847 plures
824 809 911 835 una
943 796 996 836 de
1029 809 1076 835 re
1105 796 1222 852 leges
1255 808 1391 839 exsta·

63 877 186 916 rent,
215 865 332 908 inter
362 878 408 906 se
438 877 531 905 non
564 863 921 918 consentientes,
959 864 1251 921 impediretur
1280 866 1390 919 juris

63 937 271 986 scientia,
316 933 710 991 imperitioresque
740 936 925 978 obnoxii
956 937 1116 979 fierent
1144 937 1394 979 forensium

60 1007 302 1051 hominum
332 1003 586 1054 calumniis,
618 1020 764 1061 neque
785 1008 956 1058 judices
971 1007 1072 1064 ipsi,
1103 1019 1206 1049 cum
1236 1010 1392 1050 eadem

60 1080 109 1122 in
151 1093 281 1122 causa
324 1075 524 1117 diversae
562 1076 680 1131 leges
721 1092 745 1117 a
784 1077 1070 1134 litigantibus
1112 1079 1391 1128 afferrentur¹

60 1168 82 1194 a
112 1156 208 1206 jure
236 1145 447 1202 injuriam
480 1145 741 1203 dignoscere
772 1148 1023 1205 nequirent.

142 1221 366 1277 Denique,
397 1219 775 1274 quemadmodum
809 1220 857 1261 in
880 1221 1214 1278 Psephismatis,
1247 1220 1308 1262 ita
1339 1220 1390 1263 in

57 1293 230 1351 legibus
270 1304 450 1348 quoque
492 1289 685 1333 ferendis
726 1290 965 1348 diligenter
993 1293 1385 1341 videndum‘erat,

58 1381 114 1408 ne
154 1363 263 1421 quid
300 1361 489 1407 inesset,
543 1360 665 1415 quod
711 1372 787 1402 aut
835 1360 1076 1419 indignum
1117 1362 1389 1420 reipublicae

58 1440 310 1488 majestate,
343 1441 419 1473 aut
449 1430 690 1483 injustum,
722 1442 798 1474 aut
828 1433 946 1474 bono
978 1433 1158 1490 publico
1191 1434 1389 1481 alienum

57 1505 209 1549 haberi
246 1513 421 1562 posset:
462 1516 548 1559 qua
590 1502 644 1544 de
679 1516 727 1543 re
763 1516 857 1545 non
897 1513 963 1546 est
1003 1507 1122 1567 quod
1159 1507 1288 1569 plura
1316 1507 1388 1557 di-

57 1588 230 1621 cantur.

143 1650 316 1691 Harum
350 1646 560 1690 omnium
589 1645 992 1703 praescriptionum
1034 1649 1389 1708 cautionumque

59 1720 95 1762 si
127 1734 214 1762 una
246 1718 392 1775 aliqua
421 1719 621 1774 neglecta
654 1728 745 1759 erat
776 1732 799 1758 a
830 1733 975 1762 novae
1005 1721 1115 1778 legis
1144 1725 1306 1773 latore,
1347 1723 1386 1766 is

58 1806 82 1833 a
112 1788 313 1848 quolibet
350 1789 450 1830 cive
480 1789 752 1845 παρανόμων,
790 1790 901 1846 legis
933 1793 1047 1839 male
1076 1805 1275 1849 rogatae,
1309 1809 1387 1841 ac—

58 1861 202 1904 cusari
241 1861 496 1919 poterat⁶²).
569 1862 833 1903 Certabatur
870 1873 1017 1905 autem
1059 1865 1177 1921 apud
1213 1865 1387 1917 iudices

39 1932 349 1981 ‘Heliasticoffi
383 1933 543 1977 eodem
571 1934 690 1974 haud
723 1932 859 1974 dubie
877 1936 1013 1977 modo
1045 1946 1179 1991 atque
1211 1937 1383 1986 ordine,

58 2020 194 2064 quern
238 2019 393 2061 supra,
436 2005 491 2045 de
527 2000 889 2058 Psephismatum
928 2006 1283 2049 accusationibus
1315 2010 1386 2049 lo-

12 2109 23 2119 .
58 2086 267 2132 quentes,
305 2072 632 2122 indicavimus;
672 2088 815 2130 neque
856 2089 1012 2131 operae
1053 2087 1136 2130 est,
1177 2093 1287 2134 quae
1318 2078 1384 2121 ibi

0 2398 16 2461 ἓ

59 2147 175 2188 dicta
207 2157 333 2192 sunt.
371 2147 458 2187 hoc
487 2147 587 2186 loco
619 2147 893 2202 repetere⁸’).
952 2148 1070 2189 Illud
1099 2159 1274 2191 tantum
1304 2151 1384 2191 ad-

103 2273 162 2315 60)
189 2271 387 2306 Demosth.
414 2270 492 2306 adv.
519 2270 724 2307 Timocrat.
757 2283 794 2317 p.
831 2285 909 2319 710.
948 2285 1002 2321 sq.
1038 2273 1118 2309 adv.
1155 2274 1306 2320 Leptin.
1343 2287 1379 2320 p.

57 2339 136 2378 485.
164 2334 213 2367 cf.
239 2332 351 2367 Petit.
388 2333 504 2377 Legg.
539 2331 614 2365 Att.
641 2344 677 2377 p.
708 2337 783 2379 184η

106 2403 166 2444 61)
194 2401 252 2437 cf.
279 2401 478 2436 Demosth.
505 2399 587 2435 adv,
616 2400 764 2445 Leptin.
802 2408 840 2436 et
863 2403 943 2438 adv.
976 2403 1140 2440 Timocr.
1165 2407 1190 2441 1.
1217 2407 1241 2441 1.

106 2472 165 2513 62)
191 2469 391 2505 Demosth.
427 2470 508 2503 adv.
543 2469 709 2504 Timocr.
744 2482 780 2515 p.
814 2482 893 2517 705.ἱ
926 2469 1017 2509 Ἐοὲν
1042 2471 1081 2510 δέ
1104 2486 1157 2510 τις
1179 2471 1320 2512 votivam
1343 2472 1381 2512 ἓν

60 2546 98 2566 ‘n
122 2530 293 2578 παραβῇ,
319 2528 371 2574 τῷ
390 2531 600 2576 βουλομένῳ
626 2527 748 2566 δίδωσι
769 2531 990 2579 γράφεσθαι.
1042 2536 1080 2580 (o‘
1101 2534 1212 2581 νόμος
1235 2535 1332 2576 scil.)

109 2601 168 2645 65)
194 2599 276 2633 Vid.
303 2599 379 2643 huj.
405 2598 488 2633 libr.
526 2610 606 2644 cap.
641 2611 673 2634 2.
707 2619 753 2626 —
799 2602 885 2635 Non
915 2609 1046 2639 tamen
1080 2595 1380 2649 praetermitten-

64 2661 151 2695 dum
174 2661 248 2695 hoe
279 2661 364 2694 loco
397 2659 616 2704 psephisma
640 2660 738 2706 apud
762 2663 963 2699 Demosth.
1001 2664 1049 2699 de
1079 2667 1214 2700 Coron.
1241 2676 1276 2711 p.
1305 2664 1378 2700 261.
