<?xml version="1.0" encoding="UTF-8"?>
<!DOCTYPE html PUBLIC "-//W3C//DTD XHTML 1.0 Transitional//EN"
    "http://www.w3.org/TR/xhtml1/DTD/xhtml1-transitional.dtd">
<html xmlns="http://www.w3.org/1999/xhtml" xml:lang="en" lang="en">
 <head>
  <title>
</title>
<meta http-equiv="Content-Type" content="text/html;charset=utf-8" />
  <meta name='ocr-system' content='tesseract 3.04.00' />
  <meta name='ocr-capabilities' content='ocr_page ocr_carea ocr_par ocr_line ocrx_word'/>
</head>
<body>
  <div class='ocr_page' id='page_1' title='image "./decomitiisatheni00sch_0188.png"; bbox 0 0 1706 3058; ppageno 0'>
   <div class='ocr_carea' id='block_1_1' title="bbox 259 143 336 188">
    <p class='ocr_par' dir='ltr' id='par_1_1' title="bbox 259 143 336 188">
     <span class='ocr_line' id='line_1_1' title="bbox 259 143 336 188; baseline 0.026 -2"><span class='ocrx_word' id='word_1_1' title='bbox 259 143 336 188; x_wconf 83' lang='lat'>152</span> 
     </span>
    </p>
   </div>
   <div class='ocr_carea' id='block_1_2' title="bbox 262 248 1601 1868">
    <p class='ocr_par' dir='ltr' id='par_1_2' title="bbox 262 248 1601 1868">
     <span class='ocr_line' id='line_1_2' title="bbox 262 248 1585 307; baseline 0.005 -17"><span class='ocrx_word' id='word_1_2' title='bbox 262 248 459 305; x_wconf 72' lang='lat' dir='ltr'>sigillum</span> <span class='ocrx_word' id='word_1_3' title='bbox 481 251 787 291; x_wconf 78' lang='lat' dir='ltr'>revellendum</span> <span class='ocrx_word' id='word_1_4' title='bbox 812 255 934 302; x_wconf 77' lang='lat' dir='ltr'>jussu</span> <span class='ocrx_word' id='word_1_5' title='bbox 954 252 1196 303; x_wconf 83' lang='lat' dir='ltr'>Prytanum</span> <span class='ocrx_word' id='word_1_6' title='bbox 1216 264 1585 307; x_wconf 75' lang='lat' dir='ltr'>perpraeconem</span> 
     </span>
     <span class='ocr_line' id='line_1_3' title="bbox 264 321 1586 378; baseline 0.004 -17"><span class='ocrx_word' id='word_1_7' title='bbox 264 333 356 362; x_wconf 81' lang='lat' dir='ltr'>erat</span> <span class='ocrx_word' id='word_1_8' title='bbox 387 324 590 369; x_wconf 73' lang='lat' dir='ltr'>eundem,</span> <span class='ocrx_word' id='word_1_9' title='bbox 625 321 702 377; x_wconf 91' lang='lat' dir='ltr'>qui</span> <span class='ocrx_word' id='word_1_10' title='bbox 732 323 883 378; x_wconf 81' lang='lat' dir='ltr'>paullo</span> <span class='ocrx_word' id='word_1_11' title='bbox 915 324 1260 364; x_wconf 86' lang='lat' dir='ltr'>anteSeuatores</span> <span class='ocrx_word' id='word_1_12' title='bbox 1280 321 1327 363; x_wconf 92' lang='lat' dir='ltr'>in</span> <span class='ocrx_word' id='word_1_13' title='bbox 1355 324 1451 366; x_wconf 86' lang='lat' dir='ltr'>foro</span> <span class='ocrx_word' id='word_1_14' title='bbox 1484 338 1586 366; x_wconf 85' lang='lat' dir='ltr'>con-</span> 
     </span>
     <span class='ocr_line' id='line_1_4' title="bbox 263 392 1587 448; baseline 0.005 -17"><span class='ocrx_word' id='word_1_15' title='bbox 263 404 521 432; x_wconf 80' lang='lat' dir='ltr'>vocaverat:</span> <span class='ocrx_word' id='word_1_16' title='bbox 556 394 675 448; x_wconf 90' lang='lat' dir='ltr'>quod</span> <span class='ocrx_word' id='word_1_17' title='bbox 707 405 859 435; x_wconf 83' lang='lat' dir='ltr'>nostro</span> <span class='ocrx_word' id='word_1_18' title='bbox 894 392 1065 444; x_wconf 85' lang='lat' dir='ltr'>judicio</span> <span class='ocrx_word' id='word_1_19' title='bbox 1097 404 1159 434; x_wconf 85' lang='lat' dir='ltr'>est</span> <span class='ocrx_word' id='word_1_20' title='bbox 1190 393 1234 436; x_wconf 84' lang='grc' dir='ltr'>τὸ</span> <span class='ocrx_word' id='word_1_21' title='bbox 1266 399 1434 447; x_wconf 83' lang='grc' dir='ltr'><strong><em>σημεῖον</em></strong></span> <span class='ocrx_word' id='word_1_22' title='bbox 1467 403 1587 438; x_wconf 78' lang='grc' dir='ltr'><strong>καθε-</strong></span> 
     </span>
     <span class='ocr_line' id='line_1_5' title="bbox 265 463 1588 520; baseline 0 -14"><span class='ocrx_word' id='word_1_23' title='bbox 265 465 405 506; x_wconf 79' lang='grc' dir='ltr'><em>λεῖν.“</em></span> <span class='ocrx_word' id='word_1_24' title='bbox 464 466 606 517; x_wconf 83' lang='lat' dir='ltr'>Atque</span> <span class='ocrx_word' id='word_1_25' title='bbox 639 466 760 519; x_wconf 88' lang='lat' dir='ltr'>quod</span> <span class='ocrx_word' id='word_1_26' title='bbox 793 465 1039 520; x_wconf 74' lang='lat' dir='ltr'>obsignatas</span> <span class='ocrx_word' id='word_1_27' title='bbox 1073 463 1222 506; x_wconf 84' lang='lat' dir='ltr'>curiae</span> <span class='ocrx_word' id='word_1_28' title='bbox 1253 465 1370 504; x_wconf 83' lang='lat' dir='ltr'>fores</span> <span class='ocrx_word' id='word_1_29' title='bbox 1403 479 1495 505; x_wconf 85' lang='lat' dir='ltr'>esse</span> <span class='ocrx_word' id='word_1_30' title='bbox 1514 479 1588 516; x_wconf 86' lang='lat' dir='ltr'>pu·</span> 
     </span>
     <span class='ocr_line' id='line_1_6' title="bbox 267 532 1588 591; baseline 0.004 -19"><span class='ocrx_word' id='word_1_31' title='bbox 267 543 351 579; x_wconf 80' lang='lat' dir='ltr'>tat,</span> <span class='ocrx_word' id='word_1_32' title='bbox 385 532 429 572; x_wconf 89' lang='lat' dir='ltr'>id</span> <span class='ocrx_word' id='word_1_33' title='bbox 462 533 644 588; x_wconf 86' lang='lat' dir='ltr'>quidem</span> <span class='ocrx_word' id='word_1_34' title='bbox 676 535 789 577; x_wconf 88' lang='lat' dir='ltr'>mihi</span> <span class='ocrx_word' id='word_1_35' title='bbox 822 550 1002 591; x_wconf 90' lang='lat' dir='ltr'>quoque</span> <span class='ocrx_word' id='word_1_36' title='bbox 1034 549 1136 576; x_wconf 86' lang='lat' dir='ltr'>vero</span> <span class='ocrx_word' id='word_1_37' title='bbox 1169 549 1260 576; x_wconf 89' lang='lat' dir='ltr'>non</span> <span class='ocrx_word' id='word_1_38' title='bbox 1293 534 1495 575; x_wconf 78' lang='lat' dir='ltr'>absimile</span> <span class='ocrx_word' id='word_1_39' title='bbox 1525 534 1588 577; x_wconf 84' lang='lat' dir='ltr'>vi·</span> 
     </span>
     <span class='ocr_line' id='line_1_7' title="bbox 268 605 1592 662; baseline 0.003 -18"><span class='ocrx_word' id='word_1_40' title='bbox 268 605 411 645; x_wconf 89' lang='lat' dir='ltr'>detur.</span> <span class='ocrx_word' id='word_1_41' title='bbox 472 606 586 645; x_wconf 88' lang='lat' dir='ltr'>Illud</span> <span class='ocrx_word' id='word_1_42' title='bbox 627 621 806 662; x_wconf 86' lang='lat' dir='ltr'>quoque</span> <span class='ocrx_word' id='word_1_43' title='bbox 852 609 1008 648; x_wconf 84' lang='lat' dir='ltr'>lubens</span> <span class='ocrx_word' id='word_1_44' title='bbox 1039 608 1261 654; x_wconf 74' lang='lat' dir='ltr'>concedo,</span> <span class='ocrx_word' id='word_1_45' title='bbox 1305 607 1465 646; x_wconf 80' lang='lat' dir='ltr'>durum</span> <span class='ocrx_word' id='word_1_46' title='bbox 1497 620 1592 648; x_wconf 88' lang='lat' dir='ltr'>non</span> 
     </span>
     <span class='ocr_line' id='line_1_8' title="bbox 266 676 1594 733; baseline 0.005 -19"><span class='ocrx_word' id='word_1_47' title='bbox 266 688 383 722; x_wconf 84' lang='lat' dir='ltr'>esse,</span> <span class='ocrx_word' id='word_1_48' title='bbox 432 677 551 730; x_wconf 91' lang='lat' dir='ltr'>quod</span> <span class='ocrx_word' id='word_1_49' title='bbox 583 676 629 716; x_wconf 91' lang='lat' dir='ltr'>in</span> <span class='ocrx_word' id='word_1_50' title='bbox 659 677 944 733; x_wconf 77' lang='lat' dir='ltr'>sequentibus</span> <span class='ocrx_word' id='word_1_51' title='bbox 976 676 1094 717; x_wconf 88' lang='lat' dir='ltr'>idem</span> <span class='ocrx_word' id='word_1_52' title='bbox 1126 678 1395 717; x_wconf 85' lang='lat' dir='ltr'>vocabulum</span> <span class='ocrx_word' id='word_1_53' title='bbox 1426 683 1594 731; x_wconf 83' lang='grc' dir='ltr'><strong><em>σημεῖον</em></strong></span> 
     </span>
     <span class='ocr_line' id='line_1_9' title="bbox 266 743 1594 803; baseline 0.003 -18"><span class='ocrx_word' id='word_1_54' title='bbox 266 743 441 785; x_wconf 88' lang='lat' dir='ltr'>diversa</span> <span class='ocrx_word' id='word_1_55' title='bbox 474 747 808 803; x_wconf 85' lang='lat' dir='ltr'>significatione</span> <span class='ocrx_word' id='word_1_56' title='bbox 840 747 1011 788; x_wconf 88' lang='lat' dir='ltr'>dietum</span> <span class='ocrx_word' id='word_1_57' title='bbox 1043 746 1114 788; x_wconf 89' lang='lat' dir='ltr'>sit.</span> <span class='ocrx_word' id='word_1_58' title='bbox 1175 747 1266 790; x_wconf 92' lang='lat' dir='ltr'>Cur</span> <span class='ocrx_word' id='word_1_59' title='bbox 1297 747 1415 788; x_wconf 89' lang='lat' dir='ltr'>enim</span> <span class='ocrx_word' id='word_1_60' title='bbox 1447 749 1594 789; x_wconf 87' lang='lat' dir='ltr'>Ando-</span> 
     </span>
     <span class='ocr_line' id='line_1_10' title="bbox 264 813 1595 876; baseline 0.005 -21"><span class='ocrx_word' id='word_1_61' title='bbox 264 813 387 857; x_wconf 78' lang='lat' dir='ltr'>cides</span> <span class='ocrx_word' id='word_1_62' title='bbox 419 818 566 859; x_wconf 89' lang='lat' dir='ltr'>lusum</span> <span class='ocrx_word' id='word_1_63' title='bbox 599 818 734 859; x_wconf 89' lang='lat' dir='ltr'>istum</span> <span class='ocrx_word' id='word_1_64' title='bbox 768 818 815 858; x_wconf 89' lang='lat' dir='ltr'>in</span> <span class='ocrx_word' id='word_1_65' title='bbox 846 816 1060 876; x_wconf 78' lang='grc' dir='ltr'>ὁμωνυμίᾳ</span> <span class='ocrx_word' id='word_1_66' title='bbox 1099 832 1175 859; x_wconf 90' lang='lat' dir='ltr'>sua</span> <span class='ocrx_word' id='word_1_67' title='bbox 1206 828 1364 873; x_wconf 82' lang='lat' dir='ltr'>sponte</span> <span class='ocrx_word' id='word_1_68' title='bbox 1395 820 1595 861; x_wconf 86' lang='lat' dir='ltr'>oblatum</span> 
     </span>
     <span class='ocr_line' id='line_1_11' title="bbox 265 885 1594 946; baseline 0.003 -20"><span class='ocrx_word' id='word_1_69' title='bbox 265 885 497 929; x_wconf 82' lang='lat' dir='ltr'>fastidiose</span> <span class='ocrx_word' id='word_1_70' title='bbox 526 888 762 943; x_wconf 83' lang='lat' dir='ltr'>vitaverit,</span> <span class='ocrx_word' id='word_1_71' title='bbox 807 905 938 946; x_wconf 89' lang='lat' dir='ltr'>quem</span> <span class='ocrx_word' id='word_1_72' title='bbox 973 889 1131 932; x_wconf 87' lang='lat' dir='ltr'>Cicero</span> <span class='ocrx_word' id='word_1_73' title='bbox 1163 888 1359 929; x_wconf 85' lang='lat' dir='ltr'>studiose</span> <span class='ocrx_word' id='word_1_74' title='bbox 1390 888 1594 945; x_wconf 74' lang='lat' dir='ltr'>arripuit,</span> 
     </span>
     <span class='ocr_line' id='line_1_12' title="bbox 267 959 1596 1018; baseline 0.002 -21"><span class='ocrx_word' id='word_1_75' title='bbox 267 969 371 998; x_wconf 88' lang='lat' dir='ltr'>cum</span> <span class='ocrx_word' id='word_1_76' title='bbox 417 960 470 999; x_wconf 90' lang='lat' dir='ltr'>ad</span> <span class='ocrx_word' id='word_1_77' title='bbox 514 959 715 1002; x_wconf 84' lang='lat' dir='ltr'>Atticum</span> <span class='ocrx_word' id='word_1_78' title='bbox 764 961 984 1004; x_wconf 86' lang='lat' dir='ltr'>scribens:</span> <span class='ocrx_word' id='word_1_79' title='bbox 1049 963 1155 1009; x_wconf 81' lang='lat' dir='ltr'>„lna</span> <span class='ocrx_word' id='word_1_80' title='bbox 1194 959 1384 1016; x_wconf 85' lang='lat' dir='ltr'>signa,“</span> <span class='ocrx_word' id='word_1_81' title='bbox 1432 959 1596 1018; x_wconf 68' lang='lat' dir='ltr'>inquit,</span> 
     </span>
     <span class='ocr_line' id='line_1_13' title="bbox 265 1030 1596 1088; baseline 0.002 -19"><span class='ocrx_word' id='word_1_82' title='bbox 265 1043 399 1074; x_wconf 87' lang='lat' dir='ltr'>„non</span> <span class='ocrx_word' id='word_1_83' title='bbox 434 1032 569 1082; x_wconf 86' lang='lat' dir='ltr'>bona,</span> <span class='ocrx_word' id='word_1_84' title='bbox 610 1031 646 1073; x_wconf 87' lang='lat' dir='ltr'>si</span> <span class='ocrx_word' id='word_1_85' title='bbox 679 1047 781 1074; x_wconf 90' lang='lat' dir='ltr'>cum</span> <span class='ocrx_word' id='word_1_86' title='bbox 813 1031 949 1088; x_wconf 87' lang='lat' dir='ltr'>signis</span> <span class='ocrx_word' id='word_1_87' title='bbox 979 1031 1180 1088; x_wconf 85' lang='lat' dir='ltr'>legiones</span> <span class='ocrx_word' id='word_1_88' title='bbox 1214 1030 1402 1072; x_wconf 86' lang='lat' dir='ltr'>veniunt</span> <span class='ocrx_word' id='word_1_89' title='bbox 1433 1046 1457 1073; x_wconf 92' lang='lat' dir='ltr'>e</span> <span class='ocrx_word' id='word_1_90' title='bbox 1487 1033 1596 1072; x_wconf 80' lang='lat' dir='ltr'>Gal-</span> 
     </span>
     <span class='ocr_line' id='line_1_14' title="bbox 266 1097 1597 1159; baseline 0.003 -20"><span class='ocrx_word' id='word_1_91' title='bbox 266 1097 448 1155; x_wconf 84' lang='lat' dir='ltr'>lia‘·¹⁹).</span> <span class='ocrx_word' id='word_1_92' title='bbox 480 1127 535 1135; x_wconf 90' lang='lat'><em>-</em></span> <span class='ocrx_word' id='word_1_93' title='bbox 594 1106 679 1146; x_wconf 88' lang='lat' dir='ltr'>Sed</span> <span class='ocrx_word' id='word_1_94' title='bbox 711 1107 817 1152; x_wconf 90' lang='lat' dir='ltr'>hoc,</span> <span class='ocrx_word' id='word_1_95' title='bbox 861 1105 1022 1153; x_wconf 90' lang='lat' dir='ltr'>fateor,</span> <span class='ocrx_word' id='word_1_96' title='bbox 1063 1101 1228 1144; x_wconf 82' lang='lat' dir='ltr'>mirum</span> <span class='ocrx_word' id='word_1_97' title='bbox 1260 1102 1372 1145; x_wconf 85' lang='lat' dir='ltr'>mihi</span> <span class='ocrx_word' id='word_1_98' title='bbox 1404 1103 1597 1159; x_wconf 81' lang='lat' dir='ltr'>videtur,</span> 
     </span>
     <span class='ocr_line' id='line_1_15' title="bbox 264 1170 1597 1229; baseline 0.002 -19"><span class='ocrx_word' id='word_1_99' title='bbox 264 1170 546 1214; x_wconf 83' lang='lat' dir='ltr'>Andocidem</span> <span class='ocrx_word' id='word_1_100' title='bbox 577 1189 626 1216; x_wconf 88' lang='lat' dir='ltr'>ea</span> <span class='ocrx_word' id='word_1_101' title='bbox 655 1176 883 1217; x_wconf 89' lang='lat' dir='ltr'>locutione</span> <span class='ocrx_word' id='word_1_102' title='bbox 897 1188 1027 1216; x_wconf 87' lang='lat' dir='ltr'>usum</span> <span class='ocrx_word' id='word_1_103' title='bbox 1055 1187 1160 1222; x_wconf 85' lang='lat' dir='ltr'>esse,</span> <span class='ocrx_word' id='word_1_104' title='bbox 1193 1189 1279 1229; x_wconf 91' lang='lat' dir='ltr'>qua</span> <span class='ocrx_word' id='word_1_105' title='bbox 1314 1175 1366 1214; x_wconf 91' lang='lat' dir='ltr'>de</span> <span class='ocrx_word' id='word_1_106' title='bbox 1398 1172 1597 1229; x_wconf 86' lang='lat' dir='ltr'>aperien-</span> 
     </span>
     <span class='ocr_line' id='line_1_16' title="bbox 266 1239 1597 1303; baseline 0.003 -23"><span class='ocrx_word' id='word_1_107' title='bbox 266 1239 334 1281; x_wconf 85' lang='lat' dir='ltr'>dis</span> <span class='ocrx_word' id='word_1_108' title='bbox 362 1241 545 1292; x_wconf 88' lang='lat' dir='ltr'>foribus,</span> <span class='ocrx_word' id='word_1_109' title='bbox 581 1246 712 1287; x_wconf 88' lang='lat' dir='ltr'>etiam</span> <span class='ocrx_word' id='word_1_110' title='bbox 735 1245 992 1303; x_wconf 82' lang='lat' dir='ltr'>obsignatis,</span> <span class='ocrx_word' id='word_1_111' title='bbox 1026 1261 1174 1295; x_wconf 89' lang='lat' dir='ltr'>nemo,</span> <span class='ocrx_word' id='word_1_112' title='bbox 1201 1247 1322 1301; x_wconf 82' lang='lat' dir='ltr'>qnod</span> <span class='ocrx_word' id='word_1_113' title='bbox 1345 1242 1495 1292; x_wconf 84' lang='lat' dir='ltr'>sciam,</span> <span class='ocrx_word' id='word_1_114' title='bbox 1530 1242 1597 1285; x_wconf 79' lang='lat' dir='ltr'>uti</span> 
     </span>
     <span class='ocr_line' id='line_1_17' title="bbox 267 1312 1597 1373; baseline 0.005 -23"><span class='ocrx_word' id='word_1_115' title='bbox 267 1312 401 1361; x_wconf 84' lang='lat' dir='ltr'>solet,</span> <span class='ocrx_word' id='word_1_116' title='bbox 443 1315 699 1370; x_wconf 83' lang='lat' dir='ltr'>repudiasse</span> <span class='ocrx_word' id='word_1_117' title='bbox 740 1331 856 1365; x_wconf 89' lang='lat' dir='ltr'>eam,</span> <span class='ocrx_word' id='word_1_118' title='bbox 901 1331 985 1372; x_wconf 88' lang='lat' dir='ltr'>qua</span> <span class='ocrx_word' id='word_1_119' title='bbox 1025 1318 1161 1373; x_wconf 80' lang='lat' dir='ltr'>vulgo</span> <span class='ocrx_word' id='word_1_120' title='bbox 1206 1330 1358 1357; x_wconf 87' lang='lat' dir='ltr'>omnes</span> <span class='ocrx_word' id='word_1_121' title='bbox 1390 1326 1597 1356; x_wconf 88' lang='lat' dir='ltr'>utuntur.</span> 
     </span>
     <span class='ocr_line' id='line_1_18' title="bbox 269 1384 1598 1443; baseline 0.003 -19"><span class='ocrx_word' id='word_1_122' title='bbox 269 1384 383 1424; x_wconf 87' lang='lat' dir='ltr'>Nam</span> <span class='ocrx_word' id='word_1_123' title='bbox 415 1389 737 1428; x_wconf 85' lang='lat' dir='ltr'>Demosthenes</span> <span class='ocrx_word' id='word_1_124' title='bbox 769 1401 970 1442; x_wconf 89' lang='lat' dir='ltr'>quoque,</span> <span class='ocrx_word' id='word_1_125' title='bbox 1005 1387 1180 1426; x_wconf 89' lang='lat' dir='ltr'>duobus</span> <span class='ocrx_word' id='word_1_126' title='bbox 1212 1385 1300 1427; x_wconf 87' lang='lat' dir='ltr'>illis</span> <span class='ocrx_word' id='word_1_127' title='bbox 1329 1385 1453 1435; x_wconf 83' lang='lat' dir='ltr'>locis,</span> <span class='ocrx_word' id='word_1_128' title='bbox 1487 1401 1598 1443; x_wconf 85' lang='lat' dir='ltr'>quos</span> 
     </span>
     <span class='ocr_line' id='line_1_19' title="bbox 267 1456 1595 1513; baseline 0.001 -17"><span class='ocrx_word' id='word_1_129' title='bbox 267 1456 520 1500; x_wconf 84' lang='lat' dir='ltr'>Boeckhius</span> <span class='ocrx_word' id='word_1_130' title='bbox 555 1456 649 1512; x_wconf 88' lang='lat' dir='ltr'>ipse</span> <span class='ocrx_word' id='word_1_131' title='bbox 679 1456 953 1513; x_wconf 84' lang='lat' dir='ltr'>designavit,</span> <span class='ocrx_word' id='word_1_132' title='bbox 987 1456 1167 1513; x_wconf 74' lang='grc' dir='ltr'><em>ἀνοίγειν</em></span> <span class='ocrx_word' id='word_1_133' title='bbox 1198 1457 1270 1511; x_wconf 73' lang='grc' dir='ltr'>τὴν</span> <span class='ocrx_word' id='word_1_134' title='bbox 1297 1458 1435 1509; x_wconf 81' lang='grc' dir='ltr'><strong><em>θύραν</em></strong></span> <span class='ocrx_word' id='word_1_135' title='bbox 1472 1456 1595 1506; x_wconf 86' lang='lat' dir='ltr'>dicit,</span> 
     </span>
     <span class='ocr_line' id='line_1_20' title="bbox 269 1526 1600 1584; baseline -0.001 -16"><span class='ocrx_word' id='word_1_136' title='bbox 269 1542 542 1584; x_wconf 86' lang='lat' dir='ltr'>quamquam</span> <span class='ocrx_word' id='word_1_137' title='bbox 572 1529 686 1570; x_wconf 87' lang='lat' dir='ltr'>fores</span> <span class='ocrx_word' id='word_1_138' title='bbox 721 1527 977 1584; x_wconf 86' lang='lat' dir='ltr'>obsignatae</span> <span class='ocrx_word' id='word_1_139' title='bbox 1017 1534 1212 1579; x_wconf 63' lang='lat' dir='ltr'>erant20).</span> <span class='ocrx_word' id='word_1_140' title='bbox 1274 1527 1394 1569; x_wconf 88' lang='lat' dir='ltr'>Dein</span> <span class='ocrx_word' id='word_1_141' title='bbox 1435 1526 1600 1568; x_wconf 84' lang='lat' dir='ltr'>dicitur</span> 
     </span>
     <span class='ocr_line' id='line_1_21' title="bbox 271 1597 1598 1655; baseline 0 -17"><span class='ocrx_word' id='word_1_142' title='bbox 271 1598 454 1655; x_wconf 76' lang='lat' dir='ltr'>quidem</span> <span class='ocrx_word' id='word_1_143' title='bbox 487 1598 653 1653; x_wconf 73' lang='grc' dir='ltr'><em>ἀφελεῖν</em></span> <span class='ocrx_word' id='word_1_144' title='bbox 680 1598 724 1642; x_wconf 79' lang='grc' dir='ltr'>τὰ</span> <span class='ocrx_word' id='word_1_145' title='bbox 756 1606 945 1654; x_wconf 80' lang='grc' dir='ltr'><em>σημεῖον,</em></span> <span class='ocrx_word' id='word_1_146' title='bbox 977 1597 1177 1655; x_wconf 86' lang='lat' dir='ltr'>sigillum</span> <span class='ocrx_word' id='word_1_147' title='bbox 1200 1599 1410 1647; x_wconf 89' lang='lat' dir='ltr'>avellere;</span> <span class='ocrx_word' id='word_1_148' title='bbox 1443 1598 1520 1638; x_wconf 87' lang='lat' dir='ltr'>sed</span> <span class='ocrx_word' id='word_1_149' title='bbox 1542 1612 1598 1638; x_wconf 89' lang='lat' dir='ltr'>an</span> 
     </span>
     <span class='ocr_line' id='line_1_22' title="bbox 269 1668 1600 1726; baseline -0.003 -12"><span class='ocrx_word' id='word_1_150' title='bbox 269 1677 466 1714; x_wconf 68' lang='grc' dir='ltr'><em>καθελεῖν</em></span> <span class='ocrx_word' id='word_1_151' title='bbox 501 1671 546 1714; x_wconf 80' lang='grc' dir='ltr'>τὸ</span> <span class='ocrx_word' id='word_1_152' title='bbox 580 1679 748 1725; x_wconf 80' lang='grc' dir='ltr'><em>σημεῖον</em></span> <span class='ocrx_word' id='word_1_153' title='bbox 782 1668 871 1710; x_wconf 91' lang='lat' dir='ltr'>dici</span> <span class='ocrx_word' id='word_1_154' title='bbox 900 1668 1059 1724; x_wconf 84' lang='lat' dir='ltr'>possit,</span> <span class='ocrx_word' id='word_1_155' title='bbox 1092 1669 1300 1726; x_wconf 87' lang='lat' dir='ltr'>equidem</span> <span class='ocrx_word' id='word_1_156' title='bbox 1331 1682 1600 1725; x_wconf 85' lang='lat' dir='ltr'>magnopere</span> 
     </span>
     <span class='ocr_line' id='line_1_23' title="bbox 271 1738 1601 1797; baseline 0.001 -17"><span class='ocrx_word' id='word_1_157' title='bbox 271 1740 457 1789; x_wconf 86' lang='lat' dir='ltr'>dubit03</span> <span class='ocrx_word' id='word_1_158' title='bbox 490 1741 653 1797; x_wconf 88' lang='lat' dir='ltr'>quippe</span> <span class='ocrx_word' id='word_1_159' title='bbox 684 1755 768 1781; x_wconf 89' lang='lat' dir='ltr'>nec</span> <span class='ocrx_word' id='word_1_160' title='bbox 799 1741 852 1781; x_wconf 87' lang='lat' dir='ltr'>de</span> <span class='ocrx_word' id='word_1_161' title='bbox 882 1738 1110 1794; x_wconf 83' lang='lat' dir='ltr'>superiore</span> <span class='ocrx_word' id='word_1_162' title='bbox 1128 1741 1224 1781; x_wconf 88' lang='lat' dir='ltr'>loco</span> <span class='ocrx_word' id='word_1_163' title='bbox 1256 1742 1601 1781; x_wconf 85' lang='lat' dir='ltr'>detrahebantur</span> 
     </span>
     <span class='ocr_line' id='line_1_24' title="bbox 274 1811 1429 1868; baseline -0.003 -15"><span class='ocrx_word' id='word_1_164' title='bbox 274 1812 493 1865; x_wconf 82' lang='lat' dir='ltr'>ejusmodi</span> <span class='ocrx_word' id='word_1_165' title='bbox 524 1811 689 1868; x_wconf 85' lang='lat' dir='ltr'>sigilla,</span> <span class='ocrx_word' id='word_1_166' title='bbox 731 1825 878 1865; x_wconf 88' lang='lat' dir='ltr'>neque</span> <span class='ocrx_word' id='word_1_167' title='bbox 909 1825 1016 1854; x_wconf 83' lang='lat' dir='ltr'>vero</span> <span class='ocrx_word' id='word_1_168' title='bbox 1048 1813 1429 1852; x_wconf 84' lang='lat' dir='ltr'>subvertebantur.</span> 
     </span>
    </p>
   </div>
   <div class='ocr_carea' id='block_1_3' title="bbox 272 1895 1601 2097">
    <p class='ocr_par' dir='ltr' id='par_1_3' title="bbox 272 1895 1601 2097">
     <span class='ocr_line' id='line_1_25' title="bbox 358 1895 1598 1955; baseline 0 -17"><span class='ocrx_word' id='word_1_169' title='bbox 358 1901 461 1939; x_wconf 87' lang='lat' dir='ltr'>Mea</span> <span class='ocrx_word' id='word_1_170' title='bbox 492 1909 641 1939; x_wconf 87' lang='lat' dir='ltr'>autem</span> <span class='ocrx_word' id='word_1_171' title='bbox 672 1898 724 1938; x_wconf 91' lang='lat' dir='ltr'>de</span> <span class='ocrx_word' id='word_1_172' title='bbox 755 1899 841 1938; x_wconf 90' lang='lat' dir='ltr'>hoc</span> <span class='ocrx_word' id='word_1_173' title='bbox 870 1899 987 1953; x_wconf 91' lang='lat' dir='ltr'>apud</span> <span class='ocrx_word' id='word_1_174' title='bbox 1018 1895 1296 1940; x_wconf 85' lang='lat' dir='ltr'>Andocidem</span> <span class='ocrx_word' id='word_1_175' title='bbox 1318 1900 1470 1955; x_wconf 80' lang='grc' dir='ltr'><em>σημείῳ</em></span> <span class='ocrx_word' id='word_1_176' title='bbox 1495 1910 1598 1938; x_wconf 87' lang='lat' dir='ltr'>con-</span> 
     </span>
     <span class='ocr_line' id='line_1_26' title="bbox 272 1967 1600 2024; baseline -0.003 -14"><span class='ocrx_word' id='word_1_177' title='bbox 272 1976 439 2024; x_wconf 82' lang='lat' dir='ltr'>jectura</span> <span class='ocrx_word' id='word_1_178' title='bbox 470 1974 576 2011; x_wconf 87' lang='lat' dir='ltr'>haec</span> <span class='ocrx_word' id='word_1_179' title='bbox 608 1980 695 2011; x_wconf 89' lang='lat' dir='ltr'>est:</span> <span class='ocrx_word' id='word_1_180' title='bbox 726 1968 860 2010; x_wconf 86' lang='lat' dir='ltr'>fuisse</span> <span class='ocrx_word' id='word_1_181' title='bbox 890 1968 999 2010; x_wconf 88' lang='lat' dir='ltr'>illud</span> <span class='ocrx_word' id='word_1_182' title='bbox 1018 1969 1193 2024; x_wconf 88' lang='lat' dir='ltr'>signum</span> <span class='ocrx_word' id='word_1_183' title='bbox 1225 1967 1463 2022; x_wconf 89' lang='lat' dir='ltr'>quoddam,</span> <span class='ocrx_word' id='word_1_184' title='bbox 1497 1980 1600 2022; x_wconf 87' lang='lat' dir='ltr'>qua-</span> 
     </span>
     <span class='ocr_line' id='line_1_27' title="bbox 273 2036 1601 2097; baseline -0.001 -16"><span class='ocrx_word' id='word_1_185' title='bbox 273 2055 454 2097; x_wconf 89' lang='lat' dir='ltr'>cunque</span> <span class='ocrx_word' id='word_1_186' title='bbox 487 2043 670 2083; x_wconf 89' lang='lat' dir='ltr'>demum</span> <span class='ocrx_word' id='word_1_187' title='bbox 699 2041 864 2090; x_wconf 82' lang='lat' dir='ltr'>forma,</span> <span class='ocrx_word' id='word_1_188' title='bbox 895 2041 973 2081; x_wconf 86' lang='lat' dir='ltr'>sed</span> <span class='ocrx_word' id='word_1_189' title='bbox 1003 2039 1194 2094; x_wconf 85' lang='lat' dir='ltr'>vexillo,</span> <span class='ocrx_word' id='word_1_190' title='bbox 1225 2049 1276 2078; x_wconf 90' lang='lat' dir='ltr'>ut</span> <span class='ocrx_word' id='word_1_191' title='bbox 1304 2049 1439 2094; x_wconf 81' lang='lat' dir='ltr'>puto,</span> <span class='ocrx_word' id='word_1_192' title='bbox 1473 2036 1601 2081; x_wconf 86' lang='lat' dir='ltr'>simi-</span> 
     </span>
    </p>
   </div>
   <div class='ocr_carea' id='block_1_4' title="bbox 322 2181 978 2228">
    <p class='ocr_par' dir='ltr' id='par_1_4' title="bbox 322 2181 978 2228">
     <span class='ocr_line' id='line_1_28' title="bbox 322 2181 978 2228; baseline 0.003 -13"><span class='ocrx_word' id='word_1_193' title='bbox 322 2181 380 2226; x_wconf 82' lang='lat'>19)</span> <span class='ocrx_word' id='word_1_194' title='bbox 409 2183 485 2217; x_wconf 91' lang='lat' dir='ltr'>Cic.</span> <span class='ocrx_word' id='word_1_195' title='bbox 512 2183 557 2217; x_wconf 84' lang='lat' dir='ltr'>ad</span> <span class='ocrx_word' id='word_1_196' title='bbox 581 2183 693 2218; x_wconf 83' lang='lat' dir='ltr'>Attic.</span> <span class='ocrx_word' id='word_1_197' title='bbox 728 2183 825 2217; x_wconf 86' lang='lat' dir='ltr'>XIV.</span> <span class='ocrx_word' id='word_1_198' title='bbox 852 2194 911 2228; x_wconf 88' lang='lat' dir='ltr'>ep.</span> <span class='ocrx_word' id='word_1_199' title='bbox 944 2193 978 2227; x_wconf 85' lang='lat'>5.</span> 
     </span>
    </p>
   </div>
   <div class='ocr_carea' id='block_1_5' title="bbox 276 2262 1604 2552">
    <p class='ocr_par' dir='ltr' id='par_1_5' title="bbox 276 2262 1603 2552">
     <span class='ocr_line' id='line_1_29' title="bbox 324 2262 1602 2311; baseline 0 -12"><span class='ocrx_word' id='word_1_200' title='bbox 324 2268 382 2307; x_wconf 86' lang='lat'>20)</span> <span class='ocrx_word' id='word_1_201' title='bbox 405 2267 602 2300; x_wconf 86' lang='lat' dir='ltr'>Demosth.</span> <span class='ocrx_word' id='word_1_202' title='bbox 631 2267 669 2299; x_wconf 86' lang='lat' dir='ltr'>in</span> <span class='ocrx_word' id='word_1_203' title='bbox 694 2266 897 2311; x_wconf 88' lang='lat' dir='ltr'>Phaenipp.</span> <span class='ocrx_word' id='word_1_204' title='bbox 924 2278 960 2311; x_wconf 91' lang='lat' dir='ltr'>p.</span> <span class='ocrx_word' id='word_1_205' title='bbox 990 2277 1088 2311; x_wconf 84' lang='lat'>¹039·</span> <span class='ocrx_word' id='word_1_206' title='bbox 1115 2263 1219 2302; x_wconf 66' lang='lat' dir='ltr'>&#39;Ant</span> <span class='ocrx_word' id='word_1_207' title='bbox 1245 2263 1282 2300; x_wconf 77' lang='grc' dir='ltr'>δὲ</span> <span class='ocrx_word' id='word_1_208' title='bbox 1306 2263 1374 2301; x_wconf 74' lang='grc' dir='ltr'>τοῧ</span> <span class='ocrx_word' id='word_1_209' title='bbox 1396 2262 1446 2299; x_wconf 71' lang='grc' dir='ltr'>τέ</span> <span class='ocrx_word' id='word_1_210' title='bbox 1469 2265 1602 2307; x_wconf 67' lang='grc' dir='ltr'><strong><em>σημεῖα</em></strong></span> 
     </span>
     <span class='ocr_line' id='line_1_30' title="bbox 276 2321 1600 2373; baseline -0.001 -15"><span class='ocrx_word' id='word_1_211' title='bbox 276 2323 342 2368; x_wconf 50' lang='lat' dir='ltr'>{riv</span> <span class='ocrx_word' id='word_1_212' title='bbox 365 2325 438 2360; x_wconf 68' lang='grc' dir='ltr'>τῶν</span> <span class='ocrx_word' id='word_1_213' title='bbox 463 2323 686 2370; x_wconf 62' lang='grc' dir='ltr'><em>οἰκημάτων,</em></span> <span class='ocrx_word' id='word_1_214' title='bbox 712 2325 737 2362; x_wconf 72' lang='grc' dir='ltr'>ἃ</span> <span class='ocrx_word' id='word_1_215' title='bbox 753 2323 1078 2373; x_wconf 69' lang='grc' dir='ltr'><strong><em>παρεσημῃνᾶμην,</em></strong></span> <span class='ocrx_word' id='word_1_216' title='bbox 1105 2324 1227 2360; x_wconf 69' lang='grc' dir='ltr'><strong><em>ἐλθών</em></strong></span> <span class='ocrx_word' id='word_1_217' title='bbox 1253 2323 1301 2362; x_wconf 67' lang='grc' dir='ltr'>εἷς</span> <span class='ocrx_word' id='word_1_218' title='bbox 1319 2322 1432 2371; x_wconf 73' lang='grc' dir='ltr'><em>α’γρόν</em></span> <span class='ocrx_word' id='word_1_219' title='bbox 1455 2321 1600 2368; x_wconf 61' lang='grc' dir='ltr'>ἀνέῳξε,</span> 
     </span>
     <span class='ocr_line' id='line_1_31' title="bbox 277 2381 1602 2432; baseline -0.003 -11"><span class='ocrx_word' id='word_1_220' title='bbox 277 2389 337 2421; x_wconf 73' lang='grc' dir='ltr'>καὶ</span> <span class='ocrx_word' id='word_1_221' title='bbox 365 2384 426 2421; x_wconf 75' lang='grc' dir='ltr'>τοῖς</span> <span class='ocrx_word' id='word_1_222' title='bbox 450 2386 584 2429; x_wconf 69' lang='grc' dir='ltr'><em>κριθάς</em></span> <span class='ocrx_word' id='word_1_223' title='bbox 620 2384 821 2432; x_wconf 60' lang='grc' dir='ltr'><strong><em>ἐξεφόρησε.</em></strong></span> <span class='ocrx_word' id='word_1_224' title='bbox 871 2385 964 2420; x_wconf 85' lang='lat' dir='ltr'>Ibid.</span> <span class='ocrx_word' id='word_1_225' title='bbox 999 2398 1034 2430; x_wconf 89' lang='lat' dir='ltr'>p.</span> <span class='ocrx_word' id='word_1_226' title='bbox 1077 2397 1174 2428; x_wconf 78' lang='lat'>¹04¹·</span> <span class='ocrx_word' id='word_1_227' title='bbox 1207 2381 1521 2432; x_wconf 65' lang='grc' dir='ltr'>παρεσημηνάμην</span> <span class='ocrx_word' id='word_1_228' title='bbox 1552 2381 1602 2418; x_wconf 66' lang='lat' dir='ltr'>cd</span> 
     </span>
     <span class='ocr_line' id='line_1_32' title="bbox 278 2440 1603 2491; baseline -0.005 -9"><span class='ocrx_word' id='word_1_229' title='bbox 278 2443 483 2490; x_wconf 76' lang='grc' dir='ltr'><strong><em>οιιιὴματα,</em></strong></span> <span class='ocrx_word' id='word_1_230' title='bbox 511 2446 578 2481; x_wconf 77' lang='grc' dir='ltr'>τοῦ</span> <span class='ocrx_word' id='word_1_231' title='bbox 601 2444 715 2491; x_wconf 73' lang='grc' dir='ltr'>νόμου</span> <span class='ocrx_word' id='word_1_232' title='bbox 740 2461 804 2487; x_wconf 82' lang='grc' dir='ltr'>μοι</span> <span class='ocrx_word' id='word_1_233' title='bbox 827 2444 1043 2482; x_wconf 74' lang='grc' dir='ltr'><em>δεδωκότος·</em></span> <span class='ocrx_word' id='word_1_234' title='bbox 1080 2457 1183 2481; x_wconf 83' lang='grc' dir='ltr'><em>ουτος</em></span> <span class='ocrx_word' id='word_1_235' title='bbox 1208 2443 1350 2488; x_wconf 65' lang='grc' dir='ltr'>ᾰιιωξε.</span> <span class='ocrx_word' id='word_1_236' title='bbox 1377 2449 1439 2480; x_wconf 69' lang='grc' dir='ltr'>καὶ</span> <span class='ocrx_word' id='word_1_237' title='bbox 1465 2440 1508 2478; x_wconf 72' lang='lat' dir='ltr'>ni</span> <span class='ocrx_word' id='word_1_238' title='bbox 1534 2442 1603 2488; x_wconf 68' lang='grc' dir='ltr'>μὲν</span> 
     </span>
     <span class='ocr_line' id='line_1_33' title="bbox 278 2497 1604 2552; baseline -0.004 -10"><span class='ocrx_word' id='word_1_239' title='bbox 278 2504 302 2542; x_wconf 74' lang='grc' dir='ltr'>αἱ</span> <span class='ocrx_word' id='word_1_240' title='bbox 332 2520 362 2540; x_wconf 81' lang='grc' dir='ltr'><em>ε</em></span> <span class='ocrx_word' id='word_1_241' title='bbox 353 2511 427 2541; x_wconf 73' lang='grc' dir='ltr'>,εῐι</span> <span class='ocrx_word' id='word_1_242' title='bbox 450 2507 492 2541; x_wconf 74' lang='grc' dir='ltr'>τό</span> <span class='ocrx_word' id='word_1_243' title='bbox 519 2510 686 2549; x_wconf 70' lang='grc' dir='ltr'>σημεῖον,</span> <span class='ocrx_word' id='word_1_244' title='bbox 722 2505 913 2552; x_wconf 72' lang='grc' dir='ltr'><em>ὁμολογεῖ·</em></span> <span class='ocrx_word' id='word_1_245' title='bbox 950 2506 992 2540; x_wconf 71' lang='grc' dir='ltr'>τό</span> <span class='ocrx_word' id='word_1_246' title='bbox 1027 2504 1064 2541; x_wconf 82' lang='grc' dir='ltr'>δε</span> <span class='ocrx_word' id='word_1_247' title='bbox 1089 2503 1233 2548; x_wconf 80' lang='grc' dir='ltr'><strong><em>α’νοῖξαι</em></strong></span> <span class='ocrx_word' id='word_1_248' title='bbox 1259 2504 1326 2546; x_wconf 65' lang='grc' dir='ltr'>τῆν</span> <span class='ocrx_word' id='word_1_249' title='bbox 1350 2500 1494 2548; x_wconf 78' lang='grc' dir='ltr'><strong><em>θῦραν,</em></strong></span> <span class='ocrx_word' id='word_1_250' title='bbox 1527 2497 1604 2545; x_wconf 68' lang='lat' dir='ltr'>ovi</span> 
     </span>
    </p>
   </div>
   <div class='ocr_carea' id='block_1_6' title="bbox 275 2560 1605 2672">
    <p class='ocr_par' dir='ltr' id='par_1_6' title="bbox 275 2560 1605 2672">
     <span class='ocr_line' id='line_1_34' title="bbox 279 2560 1605 2612; baseline 0.002 -13"><span class='ocrx_word' id='word_1_251' title='bbox 279 2583 297 2602; x_wconf 75' lang='lat'><em>1</em></span> <span class='ocrx_word' id='word_1_252' title='bbox 291 2565 465 2612; x_wconf 74' lang='grc' dir='ltr'><strong><em>’μολογεῖ,</em></strong></span> <span class='ocrx_word' id='word_1_253' title='bbox 492 2567 518 2601; x_wconf 78' lang='lat'>‹1&#39;</span> <span class='ocrx_word' id='word_1_254' title='bbox 507 2564 610 2610; x_wconf 75' lang='grc' dir='ltr'>ὀπερ</span> <span class='ocrx_word' id='word_1_255' title='bbox 638 2566 682 2601; x_wconf 80' lang='grc' dir='ltr'>ἂι</span> <span class='ocrx_word' id='word_1_256' title='bbox 700 2567 810 2604; x_wconf 64' lang='grc' dir='ltr'><strong><em>ἄλλον</em></strong></span> <span class='ocrx_word' id='word_1_257' title='bbox 832 2565 930 2603; x_wconf 75' lang='grc' dir='ltr'><strong><em>τινός</em></strong></span> <span class='ocrx_word' id='word_1_258' title='bbox 954 2567 1058 2603; x_wconf 73' lang='grc' dir='ltr'><strong><em>ἕνεκα</em></strong></span> <span class='ocrx_word' id='word_1_259' title='bbox 1080 2565 1128 2603; x_wconf 73' lang='grc' dir='ltr'>τοὶ</span> <span class='ocrx_word' id='word_1_260' title='bbox 1148 2569 1279 2611; x_wconf 75' lang='grc' dir='ltr'><strong><em>σημεῖα</em></strong></span> <span class='ocrx_word' id='word_1_261' title='bbox 1295 2562 1556 2612; x_wconf 68' lang='grc' dir='ltr'>α’φαιρονηασ,</span> <span class='ocrx_word' id='word_1_262' title='bbox 1578 2560 1605 2607; x_wconf 77' lang='grc' dir='ltr'><strong><em>ἢ</em></strong></span> 
     </span>
     <span class='ocr_line' id='line_1_35' title="bbox 275 2625 775 2672; baseline 0.002 -12"><span class='ocrx_word' id='word_1_263' title='bbox 275 2639 342 2661; x_wconf 76' lang='grc' dir='ltr'>του</span> <span class='ocrx_word' id='word_1_264' title='bbox 369 2626 432 2662; x_wconf 68' lang='grc' dir='ltr'>τάς</span> <span class='ocrx_word' id='word_1_265' title='bbox 463 2626 583 2672; x_wconf 68' lang='grc' dir='ltr'><em>θύρας</em></span> <span class='ocrx_word' id='word_1_266' title='bbox 619 2625 721 2670; x_wconf 56' lang='lat' dir='ltr'>&amp;vulg</span> <span class='ocrx_word' id='word_1_267' title='bbox 726 2642 775 2663; x_wconf 82' lang='grc' dir='ltr'>αι,</span> 
     </span>
    </p>
   </div>
  </div>
 </body>
</html>
