1706 3058
1349 96 1429 142 285

107 202 243 261 captis
275 202 415 252 σύλαις
444 202 638 258 populus
669 200 719 242 in
749 199 949 245 comitiis
978 201 1229 255 judicabat,
1261 207 1357 255 jure
1376 220 1432 247 an

103 273 273 328 injuria
310 284 461 331 captae
499 283 669 319 essent,
722 283 766 314 et
803 271 929 314 reddi
969 287 1025 315 an
1071 272 1251 316 retineri
1294 276 1431 317 debe-

104 349 286 400 remu).

188 431 399 491 Denique
431 429 564 473 etiam
595 431 649 472 de
678 428 902 472 victorum
934 444 984 471 ac
1006 430 1324 476 dediticiorum
1355 449 1431 491 po-

101 507 318 563 pulorum
349 502 616 545 conditione
646 503 838 559 populus
869 500 928 551 ,in
959 502 1157 544 comitiis
1198 505 1428 554 sciscebat,

101 575 268 624 veluti,
307 585 359 617 ut
387 589 532 616 unum
568 572 761 615 maxime
798 570 977 630 insigne
1015 575 1272 630 exemplum
1303 591 1433 619 eom-

99 660 370 696 memorem,
428 646 547 688 bello
593 644 976 700 Peloponnesiaco
1026 645 1081 687 de
1131 644 1428 699 Mitylenaeis,

101 733 291 776 quorum
321 728 493 774 partem
523 714 746 773 supplicio
778 714 920 770 affici,
951 717 1143 776 reliquos
1175 716 1288 774 agris
1319 721 1432 761 mul·

101 788 207 832 etati
246 787 506 844 Atticosque
544 788 726 829 colonos
776 787 825 828 in
869 802 1027 830 eorum
1067 799 1229 831 terram
1271 791 1432 833 deduci

99 865 295 920 populus
340 859 482 914 jussit.
553 860 675 902 Haec
716 861 1098 916 quemadmodum
1142 860 1191 902 in
1231 862 1431 905 comitiis

103 946 200 978 acta
251 934 369 987 sint,
416 931 667 974 luculenter
717 932 1006 985 Thucydides
1060 933 1336 993 exposuit¹⁸).
1374 961 1432 968 —

99 1009 274 1050 Eodem
302 1005 441 1048 modo
462 1001 598 1044 etiam
629 1002 683 1042 de
714 1002 892 1045 tributis
923 1003 1147 1047 sociorum
1156 1019 1172 1056 3
1202 1020 1313 1063 quae
1331 1007 1432 1064 qui-

101 1081 204 1121 dem
236 1076 374 1120 initio
406 1073 623 1130 descripta
655 1084 778 1114 erant
809 1075 862 1115 ab
893 1073 1098 1128 Aristide,
1130 1075 1206 1116 cui
1237 1080 1430 1134 populus

102 1166 199 1194 eam
228 1159 495 1206 potestatem
524 1148 838 1194 mandaverat,
876 1144 1074 1202 ipsorum
1105 1146 1331 1191 sociorum
1362 1164 1430 1192 ro·

101 1234 228 1281 gatu3
259 1231 364 1278 post
392 1229 542 1261 autem
572 1228 729 1266 aucta,
761 1215 1001 1259 Alcibiadis
1033 1232 1189 1273 suasu,
1220 1234 1243 1261 a
1277 1222 1431 1264 decem

99 1293 210 1337 viris
240 1307 263 1335 a
294 1291 462 1349 populo
494 1289 674 1337 creatis,
713 1287 832 1329 inter
863 1302 974 1344 quos
1018 1300 1062 1330 et
1089 1289 1185 1345 ipse
1223 1293 1431 1337 Alcibia-

100 1368 177 1409 des
208 1375 310 1406 erat.
372 1363 514 1417 Atque
543 1359 581 1401 si
612 1358 688 1416 qui
724 1373 746 1400 e
786 1359 938 1401 sociis'
961 1370 1039 1401 aut
1079 1361 1430 1408 diminutionem

100 1436 261 1480 tributi
293 1445 369 1476 aut
397 1431 709 1475 remissionem
739 1441 961 1487 peterent,
1003 1433 1056 1472 de
1087 1431 1143 1474 iis
1174 1436 1306 1476 rebus
1334 1451 1431 1478 non

102 1508 207 1551 alibi
239 1522 372 1564 quam
396 1505 445 1546 in
476 1503 673 1547 comitiis
705 1505 932 1544 decretum
963 1517 1077 1550 esse,
1120 1515 1162 1546 et
1193 1519 1427 1550 consenta-

101 1595 240 1623 neum
290 1589 354 1620 est
404 1588 449 1618 et
499 1575 711 1631 exemplis
759 1579 1009 1625 constat¹⁹).
1079 1578 1164 1618 Sed
1196 1582 1286 1630 jam
1323 1581 1427 1623 satis

100 1653 243 1694 multa
273 1648 469 1691 diximus
501 1649 556 1689 de
586 1649 720 1690 rebus
749 1662 841 1689 non
872 1646 1096 1696 obscuris;
1130 1649 1299 1705 reliqua
1329 1667 1425 1707 per-

103 1738 347 1781 sequamur.

148 1889 205 1934 ¹7)
231 1886 430 1922 Demosth.
456 1886 536 1920 adv.
561 1885 765 1920 Timocrat.
791 1895 829 1928 p.
855 1895 935 1930 703,
961 1895 1015 1931 25.
1045 1886 1092 1922 cf.
1119 1887 1249 1922 Liban.
1280 1899 1423 1935 argum.

101 1960 137 1992 p.
165 1949 244 1994 694,
271 1959 326 1982 20.

151 2041 207 2082 ¹8)
234 2039 403 2084 Thucyd.
432 2040 502 2074 111.
539 2050 620 2084 cap.
646 2038 692 2084 36
715 2055 760 2064 ——
789 2049 848 2086 49.

152 2124 207 2168 ¹9)
233 2124 432 2158 Demosth.
457 2125 499 2158 in
522 2123 723 2159 Theocrin.
749 2134 788 2170 p.
818 2133 914 2169 ¹353-
942 2133 1036 2168 1334.
1064 2124 1112 2158 ef.
1139 2123 1312 2160 Aesclxin.
1341 2127 1421 2160 adv.

104 2183 337 2230 ctesiphont.
365 2196 402 2231 p.
440 2197 520 2231 492.
