<?xml version="1.0" encoding="UTF-8"?>
<!DOCTYPE html PUBLIC "-//W3C//DTD XHTML 1.0 Transitional//EN"
    "http://www.w3.org/TR/xhtml1/DTD/xhtml1-transitional.dtd">
<html xmlns="http://www.w3.org/1999/xhtml" xml:lang="en" lang="en">
 <head>
  <title>
</title>
<meta http-equiv="Content-Type" content="text/html;charset=utf-8" />
  <meta name='ocr-system' content='tesseract 3.04.00' />
  <meta name='ocr-capabilities' content='ocr_page ocr_carea ocr_par ocr_line ocrx_word'/>
</head>
<body>
  <div class='ocr_page' id='page_1' title='image "./decomitiisatheni00sch_0193.png"; bbox 0 0 1706 3058; ppageno 0'>
   <div class='ocr_carea' id='block_1_1' title="bbox 1352 115 1430 171">
    <p class='ocr_par' dir='ltr' id='par_1_1' title="bbox 1352 115 1430 171">
     <span class='ocr_line' id='line_1_1' title="bbox 1352 115 1430 171; baseline 0 -15"><span class='ocrx_word' id='word_1_1' title='bbox 1352 115 1430 171; x_wconf 84' lang='lat'>157</span> 
     </span>
    </p>
   </div>
   <div class='ocr_carea' id='block_1_2' title="bbox 101 216 1441 987">
    <p class='ocr_par' dir='ltr' id='par_1_2' title="bbox 101 216 1441 987">
     <span class='ocr_line' id='line_1_2' title="bbox 101 216 1433 274; baseline 0.002 -13"><span class='ocrx_word' id='word_1_2' title='bbox 101 218 268 274; x_wconf 82' lang='lat' dir='ltr'>judicia</span> <span class='ocrx_word' id='word_1_3' title='bbox 297 217 483 274; x_wconf 87' lang='lat' dir='ltr'>quidem</span> <span class='ocrx_word' id='word_1_4' title='bbox 513 216 751 266; x_wconf 80' lang='lat' dir='ltr'>ordinaria,</span> <span class='ocrx_word' id='word_1_5' title='bbox 782 231 875 258; x_wconf 87' lang='lat' dir='ltr'>non</span> <span class='ocrx_word' id='word_1_6' title='bbox 905 217 1056 259; x_wconf 88' lang='lat' dir='ltr'>minus</span> <span class='ocrx_word' id='word_1_7' title='bbox 1084 217 1262 274; x_wconf 79' lang='lat' dir='ltr'>publica</span> <span class='ocrx_word' id='word_1_8' title='bbox 1292 232 1336 262; x_wconf 89' lang='lat' dir='ltr'>et</span> <span class='ocrx_word' id='word_1_9' title='bbox 1367 236 1433 263; x_wconf 83' lang='lat' dir='ltr'>ca-</span> 
     </span>
     <span class='ocr_line' id='line_1_3' title="bbox 102 287 1433 348; baseline 0.004 -17"><span class='ocrx_word' id='word_1_10' title='bbox 102 290 281 348; x_wconf 84' lang='lat' dir='ltr'>pitalia,</span> <span class='ocrx_word' id='word_1_11' title='bbox 326 305 459 346; x_wconf 85' lang='lat' dir='ltr'>quam</span> <span class='ocrx_word' id='word_1_12' title='bbox 493 287 692 346; x_wconf 84' lang='lat' dir='ltr'>privata,</span> <span class='ocrx_word' id='word_1_13' title='bbox 732 303 966 343; x_wconf 86' lang='lat' dir='ltr'>nunquam</span> <span class='ocrx_word' id='word_1_14' title='bbox 1002 303 1095 330; x_wconf 92' lang='lat' dir='ltr'>non</span> <span class='ocrx_word' id='word_1_15' title='bbox 1137 293 1188 331; x_wconf 89' lang='lat' dir='ltr'>ab</span> <span class='ocrx_word' id='word_1_16' title='bbox 1219 292 1433 336; x_wconf 75' lang='lat' dir='ltr'>Heliastis</span> 
     </span>
     <span class='ocr_line' id='line_1_4' title="bbox 102 358 1435 415; baseline 0.003 -13"><span class='ocrx_word' id='word_1_17' title='bbox 102 361 260 403; x_wconf 77' lang='lat' dir='ltr'>aliisve</span> <span class='ocrx_word' id='word_1_18' title='bbox 302 360 531 413; x_wconf 82' lang='lat' dir='ltr'>judicibus</span> <span class='ocrx_word' id='word_1_19' title='bbox 574 358 832 407; x_wconf 83' lang='lat' dir='ltr'>ordinariis,</span> <span class='ocrx_word' id='word_1_20' title='bbox 877 371 992 400; x_wconf 80' lang='lat' dir='ltr'>sorte</span> <span class='ocrx_word' id='word_1_21' title='bbox 1022 360 1173 415; x_wconf 84' lang='lat' dir='ltr'>lectis,</span> <span class='ocrx_word' id='word_1_22' title='bbox 1213 367 1435 408; x_wconf 80' lang='lat' dir='ltr'>nunnulla</span> 
     </span>
     <span class='ocr_line' id='line_1_5' title="bbox 104 428 1432 490; baseline 0.004 -16"><span class='ocrx_word' id='word_1_23' title='bbox 104 433 238 475; x_wconf 83' lang='lat' dir='ltr'>etiam</span> <span class='ocrx_word' id='word_1_24' title='bbox 278 435 331 473; x_wconf 90' lang='lat' dir='ltr'>ab</span> <span class='ocrx_word' id='word_1_25' title='bbox 371 428 646 486; x_wconf 85' lang='lat' dir='ltr'>Areopagitis</span> <span class='ocrx_word' id='word_1_26' title='bbox 686 429 960 486; x_wconf 88' lang='lat' dir='ltr'>Ephetisque</span> <span class='ocrx_word' id='word_1_27' title='bbox 1010 433 1161 474; x_wconf 87' lang='lat' dir='ltr'>haberi</span> <span class='ocrx_word' id='word_1_28' title='bbox 1208 438 1432 490; x_wconf 80' lang='lat' dir='ltr'>solebant3</span> 
     </span>
     <span class='ocr_line' id='line_1_6' title="bbox 105 502 1434 565; baseline -0.005 -18"><span class='ocrx_word' id='word_1_29' title='bbox 105 502 451 547; x_wconf 82' lang='lat' dir='ltr'>extraordinaria</span> <span class='ocrx_word' id='word_1_30' title='bbox 484 513 660 543; x_wconf 85' lang='lat' dir='ltr'>tantum</span> <span class='ocrx_word' id='word_1_31' title='bbox 689 517 711 542; x_wconf 86' lang='lat' dir='ltr'>a</span> <span class='ocrx_word' id='word_1_32' title='bbox 735 504 899 543; x_wconf 79' lang='lat' dir='ltr'>Senatu</span> <span class='ocrx_word' id='word_1_33' title='bbox 930 505 1200 560; x_wconf 77' lang='lat' dir='ltr'>populoque,</span> <span class='ocrx_word' id='word_1_34' title='bbox 1261 511 1434 565; x_wconf 65' lang='lat' dir='ltr'>Legum</span> 
     </span>
     <span class='ocr_line' id='line_1_7' title="bbox 101 574 1436 636; baseline 0.004 -19"><span class='ocrx_word' id='word_1_35' title='bbox 101 576 390 618; x_wconf 83' lang='lat' dir='ltr'>ferendarum</span> <span class='ocrx_word' id='word_1_36' title='bbox 421 574 866 629; x_wconf 86' lang='lat' dir='ltr'>abrogandarumque</span> <span class='ocrx_word' id='word_1_37' title='bbox 897 587 946 614; x_wconf 87' lang='lat' dir='ltr'>ea</span> <span class='ocrx_word' id='word_1_38' title='bbox 977 585 1066 614; x_wconf 83' lang='lat' dir='ltr'>erat</span> <span class='ocrx_word' id='word_1_39' title='bbox 1097 576 1209 619; x_wconf 85' lang='lat' dir='ltr'>ratio</span> <span class='ocrx_word' id='word_1_40' title='bbox 1242 579 1436 636; x_wconf 86' lang='lat' dir='ltr'>antiqui—</span> 
     </span>
     <span class='ocr_line' id='line_1_8' title="bbox 103 644 1436 705; baseline -0.002 -16"><span class='ocrx_word' id='word_1_41' title='bbox 103 659 173 689; x_wconf 87' lang='lat' dir='ltr'>tus</span> <span class='ocrx_word' id='word_1_42' title='bbox 207 644 450 701; x_wconf 82' lang='lat' dir='ltr'>descripta,</span> <span class='ocrx_word' id='word_1_43' title='bbox 494 659 606 700; x_wconf 85' lang='lat' dir='ltr'>quae</span> <span class='ocrx_word' id='word_1_44' title='bbox 644 644 866 686; x_wconf 84' lang='lat' dir='ltr'>minorem</span> <span class='ocrx_word' id='word_1_45' title='bbox 908 647 1041 698; x_wconf 83' lang='lat' dir='ltr'>hujus</span> <span class='ocrx_word' id='word_1_46' title='bbox 1073 648 1139 689; x_wconf 88' lang='lat' dir='ltr'>rei</span> <span class='ocrx_word' id='word_1_47' title='bbox 1170 661 1436 705; x_wconf 66' lang='lat' dir='ltr'>potestatem</span> 
     </span>
     <span class='ocr_line' id='line_1_9' title="bbox 102 717 1437 780; baseline 0.005 -21"><span class='ocrx_word' id='word_1_48' title='bbox 102 717 316 759; x_wconf 84' lang='lat' dir='ltr'>universo</span> <span class='ocrx_word' id='word_1_49' title='bbox 354 719 550 772; x_wconf 86' lang='lat' dir='ltr'>populo,</span> <span class='ocrx_word' id='word_1_50' title='bbox 608 722 826 769; x_wconf 85' lang='lat' dir='ltr'>majorem</span> <span class='ocrx_word' id='word_1_51' title='bbox 867 720 1157 762; x_wconf 76' lang='lat' dir='ltr'>Nomothetis</span> <span class='ocrx_word' id='word_1_52' title='bbox 1198 737 1221 762; x_wconf 88' lang='lat' dir='ltr'>a</span> <span class='ocrx_word' id='word_1_53' title='bbox 1270 726 1437 780; x_wconf 86' lang='lat' dir='ltr'>populo</span> 
     </span>
     <span class='ocr_line' id='line_1_10' title="bbox 103 787 1440 849; baseline 0.002 -16"><span class='ocrx_word' id='word_1_54' title='bbox 103 788 260 833; x_wconf 79' lang='lat' dir='ltr'>creatis</span> <span class='ocrx_word' id='word_1_55' title='bbox 290 787 591 845; x_wconf 84' lang='lat' dir='ltr'>permitteret3</span> <span class='ocrx_word' id='word_1_56' title='bbox 625 803 897 844; x_wconf 87' lang='lat' dir='ltr'>quamquam</span> <span class='ocrx_word' id='word_1_57' title='bbox 929 792 1133 832; x_wconf 85' lang='lat' dir='ltr'>extremis</span> <span class='ocrx_word' id='word_1_58' title='bbox 1159 796 1440 849; x_wconf 83' lang='lat' dir='ltr'>temporibus</span> 
     </span>
     <span class='ocr_line' id='line_1_11' title="bbox 105 859 1439 918; baseline 0.004 -14"><span class='ocrx_word' id='word_1_59' title='bbox 105 859 360 918; x_wconf 71' lang='lat' dir='ltr'>saepissime</span> <span class='ocrx_word' id='word_1_60' title='bbox 393 859 638 901; x_wconf 84' lang='lat' dir='ltr'>discessum</span> <span class='ocrx_word' id='word_1_61' title='bbox 674 872 740 902; x_wconf 90' lang='lat' dir='ltr'>est</span> <span class='ocrx_word' id='word_1_62' title='bbox 770 863 822 902; x_wconf 92' lang='lat' dir='ltr'>ab</span> <span class='ocrx_word' id='word_1_63' title='bbox 862 864 946 904; x_wconf 82' lang='lat' dir='ltr'>hac</span> <span class='ocrx_word' id='word_1_64' title='bbox 976 863 1159 905; x_wconf 85' lang='lat' dir='ltr'>ratione.</span> <span class='ocrx_word' id='word_1_65' title='bbox 1219 870 1288 907; x_wconf 90' lang='lat' dir='ltr'>De</span> <span class='ocrx_word' id='word_1_66' title='bbox 1319 881 1439 910; x_wconf 87' lang='lat' dir='ltr'>cete-</span> 
     </span>
     <span class='ocr_line' id='line_1_12' title="bbox 105 930 1441 987; baseline 0.001 -11"><span class='ocrx_word' id='word_1_67' title='bbox 105 934 164 976; x_wconf 81' lang='lat' dir='ltr'>ris</span> <span class='ocrx_word' id='word_1_68' title='bbox 193 934 325 974; x_wconf 86' lang='lat' dir='ltr'>rebus</span> <span class='ocrx_word' id='word_1_69' title='bbox 356 945 449 971; x_wconf 88' lang='lat' dir='ltr'>non</span> <span class='ocrx_word' id='word_1_70' title='bbox 480 930 610 972; x_wconf 83' lang='lat' dir='ltr'>facile</span> <span class='ocrx_word' id='word_1_71' title='bbox 641 943 707 973; x_wconf 90' lang='lat' dir='ltr'>est</span> <span class='ocrx_word' id='word_1_72' title='bbox 738 931 949 980; x_wconf 87' lang='lat' dir='ltr'>definire,</span> <span class='ocrx_word' id='word_1_73' title='bbox 995 936 1225 987; x_wconf 88' lang='lat' dir='ltr'>quomodo</span> <span class='ocrx_word' id='word_1_74' title='bbox 1267 938 1314 978; x_wconf 85' lang='lat' dir='ltr'>in</span> <span class='ocrx_word' id='word_1_75' title='bbox 1346 939 1441 981; x_wconf 64' lang='lat' dir='ltr'>siu„</span> 
     </span>
    </p>
   </div>
   <div class='ocr_carea' id='block_1_3' title="bbox 105 1003 1443 1352">
    <p class='ocr_par' dir='ltr' id='par_1_3' title="bbox 105 1003 1443 1352">
     <span class='ocr_line' id='line_1_13' title="bbox 105 1003 1442 1062; baseline 0.008 -18"><span class='ocrx_word' id='word_1_76' title='bbox 105 1003 220 1062; x_wconf 79' lang='lat' dir='ltr'>gulis</span> <span class='ocrx_word' id='word_1_77' title='bbox 262 1005 448 1044; x_wconf 83' lang='lat' dir='ltr'>Senatus</span> <span class='ocrx_word' id='word_1_78' title='bbox 486 1013 680 1058; x_wconf 83' lang='lat' dir='ltr'>potestas</span> <span class='ocrx_word' id='word_1_79' title='bbox 719 1019 743 1044; x_wconf 88' lang='lat' dir='ltr'>a</span> <span class='ocrx_word' id='word_1_80' title='bbox 782 1003 943 1060; x_wconf 88' lang='lat' dir='ltr'>populi</span> <span class='ocrx_word' id='word_1_81' title='bbox 992 1016 1210 1060; x_wconf 73' lang='lat' dir='ltr'>potestate</span> <span class='ocrx_word' id='word_1_82' title='bbox 1252 1009 1442 1055; x_wconf 81' lang='lat' dir='ltr'>discreta</span> 
     </span>
     <span class='ocr_line' id='line_1_14' title="bbox 106 1073 1442 1139; baseline 0.005 -20"><span class='ocrx_word' id='word_1_83' title='bbox 106 1075 271 1129; x_wconf 83' lang='lat' dir='ltr'>fuerit3</span> <span class='ocrx_word' id='word_1_84' title='bbox 321 1073 436 1115; x_wconf 79' lang='lat' dir='ltr'>illud</span> <span class='ocrx_word' id='word_1_85' title='bbox 476 1085 626 1116; x_wconf 83' lang='lat' dir='ltr'>tamen</span> <span class='ocrx_word' id='word_1_86' title='bbox 668 1074 714 1116; x_wconf 86' lang='lat' dir='ltr'>in</span> <span class='ocrx_word' id='word_1_87' title='bbox 754 1076 1018 1118; x_wconf 85' lang='lat' dir='ltr'>universum</span> <span class='ocrx_word' id='word_1_88' title='bbox 1062 1078 1270 1122; x_wconf 85' lang='lat' dir='ltr'>affirmari</span> <span class='ocrx_word' id='word_1_89' title='bbox 1313 1097 1442 1139; x_wconf 81' lang='lat' dir='ltr'>posse</span> 
     </span>
     <span class='ocr_line' id='line_1_15' title="bbox 106 1147 1443 1198; baseline 0.006 -9"><span class='ocrx_word' id='word_1_90' title='bbox 106 1147 312 1196; x_wconf 84' lang='lat' dir='ltr'>videtur,</span> <span class='ocrx_word' id='word_1_91' title='bbox 352 1149 573 1198; x_wconf 87' lang='lat' dir='ltr'>majorum</span> <span class='ocrx_word' id='word_1_92' title='bbox 611 1161 760 1187; x_wconf 88' lang='lat' dir='ltr'>rerum</span> <span class='ocrx_word' id='word_1_93' title='bbox 804 1147 1008 1189; x_wconf 83' lang='lat' dir='ltr'>omnium</span> <span class='ocrx_word' id='word_1_94' title='bbox 1049 1164 1278 1195; x_wconf 87' lang='lat' dir='ltr'>summum</span> <span class='ocrx_word' id='word_1_95' title='bbox 1319 1156 1443 1197; x_wconf 88' lang='lat' dir='ltr'>arbi-</span> 
     </span>
     <span class='ocr_line' id='line_1_16' title="bbox 108 1217 1441 1273; baseline 0.008 -13"><span class='ocrx_word' id='word_1_96' title='bbox 108 1217 252 1261; x_wconf 81' lang='lat' dir='ltr'>trium</span> <span class='ocrx_word' id='word_1_97' title='bbox 293 1230 430 1273; x_wconf 82' lang='lat' dir='ltr'>penes</span> <span class='ocrx_word' id='word_1_98' title='bbox 471 1218 696 1272; x_wconf 88' lang='lat' dir='ltr'>populum</span> <span class='ocrx_word' id='word_1_99' title='bbox 733 1219 881 1260; x_wconf 85' lang='lat' dir='ltr'>solum</span> <span class='ocrx_word' id='word_1_100' title='bbox 921 1219 1075 1272; x_wconf 84' lang='lat' dir='ltr'>fuisse,</span> <span class='ocrx_word' id='word_1_101' title='bbox 1105 1222 1154 1264; x_wconf 89' lang='lat' dir='ltr'>in</span> <span class='ocrx_word' id='word_1_102' title='bbox 1186 1224 1441 1270; x_wconf 80' lang='lat' dir='ltr'>minoribus</span> 
     </span>
     <span class='ocr_line' id='line_1_17' title="bbox 107 1290 1442 1352; baseline 0.006 -19"><span class='ocrx_word' id='word_1_103' title='bbox 107 1291 424 1333; x_wconf 86' lang='lat' dir='ltr'>tantummodo</span> <span class='ocrx_word' id='word_1_104' title='bbox 455 1291 642 1330; x_wconf 85' lang='lat' dir='ltr'>Senatus</span> <span class='ocrx_word' id='word_1_105' title='bbox 674 1290 981 1332; x_wconf 83' lang='lat' dir='ltr'>auctoritatem</span> <span class='ocrx_word' id='word_1_106' title='bbox 1001 1293 1106 1336; x_wconf 90' lang='lat' dir='ltr'>satis</span> <span class='ocrx_word' id='word_1_107' title='bbox 1128 1296 1336 1352; x_wconf 79' lang='lat' dir='ltr'>valuisse,</span> <span class='ocrx_word' id='word_1_108' title='bbox 1367 1316 1442 1341; x_wconf 88' lang='lat' dir='ltr'>ne-</span> 
     </span>
    </p>
   </div>
   <div class='ocr_carea' id='block_1_4' title="bbox 109 1360 1446 1485">
    <p class='ocr_par' dir='ltr' id='par_1_4' title="bbox 109 1360 1446 1485">
     <span class='ocr_line' id='line_1_18' title="bbox 110 1360 1446 1419; baseline 0.009 -17"><span class='ocrx_word' id='word_1_109' title='bbox 110 1377 197 1419; x_wconf 89' lang='lat' dir='ltr'>que</span> <span class='ocrx_word' id='word_1_110' title='bbox 217 1360 379 1418; x_wconf 83' lang='lat' dir='ltr'>populi</span> <span class='ocrx_word' id='word_1_111' title='bbox 409 1360 621 1416; x_wconf 84' lang='lat' dir='ltr'>suffragio</span> <span class='ocrx_word' id='word_1_112' title='bbox 652 1375 765 1418; x_wconf 87' lang='lat' dir='ltr'>opus</span> <span class='ocrx_word' id='word_1_113' title='bbox 796 1361 951 1412; x_wconf 81' lang='lat' dir='ltr'>fuisse,</span> <span class='ocrx_word' id='word_1_114' title='bbox 983 1375 1036 1406; x_wconf 89' lang='lat' dir='ltr'>ut</span> <span class='ocrx_word' id='word_1_115' title='bbox 1064 1377 1156 1408; x_wconf 86' lang='lat' dir='ltr'>rata</span> <span class='ocrx_word' id='word_1_116' title='bbox 1187 1367 1346 1412; x_wconf 88' lang='lat' dir='ltr'>fierent</span> <span class='ocrx_word' id='word_1_117' title='bbox 1363 1374 1446 1414; x_wconf 89' lang='lat' dir='ltr'>Se-</span> 
     </span>
     <span class='ocr_line' id='line_1_19' title="bbox 109 1433 503 1485; baseline -0.005 -11"><span class='ocrx_word' id='word_1_118' title='bbox 109 1433 446 1474; x_wconf 85' lang='lat' dir='ltr'>natusconsulta</span> <span class='ocrx_word' id='word_1_119' title='bbox 457 1437 503 1485; x_wconf 84' lang='lat'>³).</span> 
     </span>
    </p>
   </div>
   <div class='ocr_carea' id='block_1_5' title="bbox 113 1517 1447 1656">
    <p class='ocr_par' dir='ltr' id='par_1_5' title="bbox 113 1517 1447 1656">
     <span class='ocr_line' id='line_1_20' title="bbox 158 1517 1447 1572; baseline 0.01 -13"><span class='ocrx_word' id='word_1_120' title='bbox 158 1527 166 1534; x_wconf 85' lang='lat'><strong><em>‘</em></strong></span> <span class='ocrx_word' id='word_1_121' title='bbox 201 1519 412 1560; x_wconf 89' lang='lat' dir='ltr'>Ceterum</span> <span class='ocrx_word' id='word_1_122' title='bbox 443 1533 466 1559; x_wconf 88' lang='lat' dir='ltr'>a</span> <span class='ocrx_word' id='word_1_123' title='bbox 507 1517 626 1560; x_wconf 85' lang='lat' dir='ltr'>Julio</span> <span class='ocrx_word' id='word_1_124' title='bbox 669 1521 853 1561; x_wconf 85' lang='lat' dir='ltr'>Polluce</span> <span class='ocrx_word' id='word_1_125' title='bbox 882 1523 991 1563; x_wconf 82' lang='lat' dir='ltr'>haec</span> <span class='ocrx_word' id='word_1_126' title='bbox 1023 1538 1343 1570; x_wconf 87' lang='lat' dir='ltr'>enumerantur</span> <span class='ocrx_word' id='word_1_127' title='bbox 1372 1547 1447 1572; x_wconf 86' lang='lat' dir='ltr'>re·—</span> 
     </span>
     <span class='ocr_line' id='line_1_21' title="bbox 113 1588 1446 1656; baseline 0.008 -22"><span class='ocrx_word' id='word_1_128' title='bbox 113 1607 212 1634; x_wconf 84' lang='lat' dir='ltr'>rum</span> <span class='ocrx_word' id='word_1_129' title='bbox 244 1591 293 1632; x_wconf 89' lang='lat' dir='ltr'>in</span> <span class='ocrx_word' id='word_1_130' title='bbox 315 1588 713 1632; x_wconf 85' lang='lat' dir='ltr'>comitiis&#39;tractari</span> <span class='ocrx_word' id='word_1_131' title='bbox 735 1590 968 1634; x_wconf 80' lang='lat' dir='ltr'>solitarum</span> <span class='ocrx_word' id='word_1_132' title='bbox 996 1609 1167 1649; x_wconf 83' lang='lat' dir='ltr'>genera.</span> <span class='ocrx_word' id='word_1_133' title='bbox 1226 1602 1276 1645; x_wconf 87' lang='lat' dir='ltr'>In</span> <span class='ocrx_word' id='word_1_134' title='bbox 1299 1600 1446 1656; x_wconf 85' lang='lat' dir='ltr'>prima</span> 
     </span>
    </p>
   </div>
   <div class='ocr_carea' id='block_1_6' title="bbox 112 1745 1450 2590">
    <p class='ocr_par' dir='ltr' id='par_1_6' title="bbox 112 1745 1450 2590">
     <span class='ocr_line' id='line_1_22' title="bbox 157 1745 1444 1795; baseline 0.01 -16"><span class='ocrx_word' id='word_1_135' title='bbox 157 1749 196 1793; x_wconf 78' lang='lat'>3)</span> <span class='ocrx_word' id='word_1_136' title='bbox 221 1747 433 1793; x_wconf 84' lang='lat' dir='ltr'>Distinguit</span> <span class='ocrx_word' id='word_1_137' title='bbox 465 1747 666 1793; x_wconf 82' lang='lat' dir='ltr'>Ulpianus,</span> <span class='ocrx_word' id='word_1_138' title='bbox 702 1745 749 1781; x_wconf 84' lang='lat' dir='ltr'>acl</span> <span class='ocrx_word' id='word_1_139' title='bbox 784 1748 982 1784; x_wconf 80' lang='lat' dir='ltr'>Demosth.</span> <span class='ocrx_word' id='word_1_140' title='bbox 1022 1759 1077 1786; x_wconf 88' lang='lat' dir='ltr'>or.</span> <span class='ocrx_word' id='word_1_141' title='bbox 1111 1753 1191 1788; x_wconf 78' lang='lat' dir='ltr'>adv.</span> <span class='ocrx_word' id='word_1_142' title='bbox 1225 1755 1444 1795; x_wconf 72' lang='lat' dir='ltr'>Aristocrat.</span> 
     </span>
     <span class='ocr_line' id='line_1_23' title="bbox 112 1808 1448 1857; baseline 0.007 -14"><span class='ocrx_word' id='word_1_143' title='bbox 112 1820 151 1855; x_wconf 85' lang='lat' dir='ltr'>p.</span> <span class='ocrx_word' id='word_1_144' title='bbox 180 1820 260 1855; x_wconf 84' lang='lat'>4¹7·</span> <span class='ocrx_word' id='word_1_145' title='bbox 287 1808 388 1842; x_wconf 84' lang='lat' dir='ltr'>inter</span> <span class='ocrx_word' id='word_1_146' title='bbox 413 1820 457 1842; x_wconf 83' lang='lat' dir='ltr'>ea</span> <span class='ocrx_word' id='word_1_147' title='bbox 481 1808 832 1852; x_wconf 78' lang='lat' dir='ltr'>Senatusconsulta‚</span> <span class='ocrx_word' id='word_1_148' title='bbox 867 1822 964 1856; x_wconf 80' lang='lat' dir='ltr'>quae</span> <span class='ocrx_word' id='word_1_149' title='bbox 988 1814 1117 1857; x_wconf 83' lang='lat' dir='ltr'>populi</span> <span class='ocrx_word' id='word_1_150' title='bbox 1153 1816 1448 1854; x_wconf 80' lang='lat' dir='ltr'>confirmatione</span> 
     </span>
     <span class='ocr_line' id='line_1_24' title="bbox 113 1869 1446 1925; baseline 0.006 -21"><span class='ocrx_word' id='word_1_151' title='bbox 113 1876 251 1916; x_wconf 85' lang='lat' dir='ltr'>egent,</span> <span class='ocrx_word' id='word_1_152' title='bbox 292 1878 331 1904; x_wconf 88' lang='lat' dir='ltr'>et</span> <span class='ocrx_word' id='word_1_153' title='bbox 355 1881 418 1914; x_wconf 84' lang='lat' dir='ltr'>ea,</span> <span class='ocrx_word' id='word_1_154' title='bbox 457 1870 591 1916; x_wconf 85' lang='lat' dir='ltr'>quibus</span> <span class='ocrx_word' id='word_1_155' title='bbox 613 1869 679 1904; x_wconf 89' lang='lat' dir='ltr'>illa</span> <span class='ocrx_word' id='word_1_156' title='bbox 702 1881 780 1903; x_wconf 87' lang='lat' dir='ltr'>non</span> <span class='ocrx_word' id='word_1_157' title='bbox 805 1882 898 1916; x_wconf 89' lang='lat' dir='ltr'>opus</span> <span class='ocrx_word' id='word_1_158' title='bbox 925 1879 1000 1906; x_wconf 83' lang='lat' dir='ltr'>est:</span> <span class='ocrx_word' id='word_1_159' title='bbox 1028 1881 1141 1921; x_wconf 75' lang='lat' dir='ltr'>atque</span> <span class='ocrx_word' id='word_1_160' title='bbox 1165 1875 1281 1919; x_wconf 84' lang='lat' dir='ltr'>haec,</span> <span class='ocrx_word' id='word_1_161' title='bbox 1307 1878 1446 1925; x_wconf 81' lang='lat' dir='ltr'>inquit,</span> 
     </span>
     <span class='ocr_line' id='line_1_25' title="bbox 115 1928 1447 1986; baseline 0.008 -20"><span class='ocrx_word' id='word_1_162' title='bbox 115 1938 223 1966; x_wconf 84' lang='lat' dir='ltr'>erant</span> <span class='ocrx_word' id='word_1_163' title='bbox 240 1932 410 1973; x_wconf 72' lang='grc' dir='ltr'>ἐπέτεια;</span> <span class='ocrx_word' id='word_1_164' title='bbox 435 1931 502 1964; x_wconf 83' lang='lat' dir='ltr'>illa</span> <span class='ocrx_word' id='word_1_165' title='bbox 519 1942 598 1964; x_wconf 89' lang='lat' dir='ltr'>non</span> <span class='ocrx_word' id='word_1_166' title='bbox 609 1930 715 1964; x_wconf 84' lang='lat' dir='ltr'>item.</span> <span class='ocrx_word' id='word_1_167' title='bbox 744 1929 811 1967; x_wconf 80' lang='grc' dir='ltr'>ὅσα</span> <span class='ocrx_word' id='word_1_168' title='bbox 826 1934 895 1977; x_wconf 76' lang='grc' dir='ltr'>μὲν</span> <span class='ocrx_word' id='word_1_169' title='bbox 915 1928 979 1969; x_wconf 74' lang='grc' dir='ltr'>οἶν</span> <span class='ocrx_word' id='word_1_170' title='bbox 1005 1933 1081 1970; x_wconf 75' lang='grc' dir='ltr'><em>ἴδια</em></span> <span class='ocrx_word' id='word_1_171' title='bbox 1103 1936 1166 1981; x_wconf 75' lang='grc' dir='ltr'>τῆς</span> <span class='ocrx_word' id='word_1_172' title='bbox 1187 1938 1319 1984; x_wconf 73' lang='grc' dir='ltr'><strong><em>βουλῆς</em></strong></span> <span class='ocrx_word' id='word_1_173' title='bbox 1333 1945 1447 1986; x_wconf 82' lang='grc' dir='ltr'><em>ψηφί-</em></span> 
     </span>
     <span class='ocr_line' id='line_1_26' title="bbox 113 1987 1449 2044; baseline 0.005 -15"><span class='ocrx_word' id='word_1_174' title='bbox 113 2006 237 2039; x_wconf 78' lang='grc' dir='ltr'><strong><em>σματα</em></strong></span> <span class='ocrx_word' id='word_1_175' title='bbox 247 1988 305 2037; x_wconf 78' lang='grc' dir='ltr'>ἦν,</span> <span class='ocrx_word' id='word_1_176' title='bbox 330 1987 489 2035; x_wconf 76' lang='grc' dir='ltr'><strong><em>ταῦτ’ἧν</em></strong></span> <span class='ocrx_word' id='word_1_177' title='bbox 500 1990 660 2034; x_wconf 74' lang='grc' dir='ltr'><strong><em>ἐπέτεια,</em></strong></span> <span class='ocrx_word' id='word_1_178' title='bbox 686 1996 748 2027; x_wconf 74' lang='grc' dir='ltr'>καὶ</span> <span class='ocrx_word' id='word_1_179' title='bbox 759 1997 997 2040; x_wconf 72' lang='grc' dir='ltr'><em>συνανῃρεῖτο</em></span> <span class='ocrx_word' id='word_1_180' title='bbox 1011 1995 1267 2044; x_wconf 73' lang='grc' dir='ltr'><strong><em>τῇβόυλῇμετ’</em></strong></span> <span class='ocrx_word' id='word_1_181' title='bbox 1278 1997 1449 2037; x_wconf 72' lang='grc' dir='ltr'>ἐνιαυτόν</span> 
     </span>
     <span class='ocr_line' id='line_1_27' title="bbox 112 2048 1449 2108; baseline 0.003 -20"><span class='ocrx_word' id='word_1_182' title='bbox 112 2055 318 2100; x_wconf 79' lang='grc' dir='ltr'><strong><em>παυομένῃ.</em></strong></span> <span class='ocrx_word' id='word_1_183' title='bbox 345 2049 412 2088; x_wconf 77' lang='grc' dir='ltr'>ὅσα</span> <span class='ocrx_word' id='word_1_184' title='bbox 438 2050 475 2087; x_wconf 76' lang='grc' dir='ltr'>δὲ</span> <span class='ocrx_word' id='word_1_185' title='bbox 496 2048 572 2087; x_wconf 62' lang='lat' dir='ltr'>dno*</span> <span class='ocrx_word' id='word_1_186' title='bbox 589 2052 650 2096; x_wconf 70' lang='grc' dir='ltr'>τῆς</span> <span class='ocrx_word' id='word_1_187' title='bbox 671 2052 804 2099; x_wconf 75' lang='grc' dir='ltr'><strong><em>βουλῆς</em></strong></span> <span class='ocrx_word' id='word_1_188' title='bbox 826 2051 900 2088; x_wconf 72' lang='grc' dir='ltr'>ἔδει</span> <span class='ocrx_word' id='word_1_189' title='bbox 926 2052 1018 2100; x_wconf 79' lang='grc' dir='ltr'><em>πρὸς</em></span> <span class='ocrx_word' id='word_1_190' title='bbox 1042 2053 1109 2091; x_wconf 71' lang='grc' dir='ltr'>τᾶν</span> <span class='ocrx_word' id='word_1_191' title='bbox 1133 2054 1249 2102; x_wconf 79' lang='grc' dir='ltr'><em>δῆμον</em></span> <span class='ocrx_word' id='word_1_192' title='bbox 1273 2062 1449 2108; x_wconf 72' lang='grc' dir='ltr'><em>πεμφῦἤ.</em></span> 
     </span>
     <span class='ocr_line' id='line_1_28' title="bbox 115 2109 1446 2163; baseline 0.008 -14"><span class='ocrx_word' id='word_1_193' title='bbox 115 2127 200 2156; x_wconf 74' lang='grc' dir='ltr'><strong><em>ναι,</em></strong></span> <span class='ocrx_word' id='word_1_194' title='bbox 239 2118 301 2149; x_wconf 77' lang='grc' dir='ltr'>καὶ</span> <span class='ocrx_word' id='word_1_195' title='bbox 334 2112 379 2149; x_wconf 63' lang='lat' dir='ltr'>to*</span> <span class='ocrx_word' id='word_1_196' title='bbox 409 2112 516 2160; x_wconf 67' lang='grc' dir='ltr'><strong><em>κῦρος</em></strong></span> <span class='ocrx_word' id='word_1_197' title='bbox 539 2109 629 2159; x_wconf 73' lang='grc' dir='ltr'>παρ’</span> <span class='ocrx_word' id='word_1_198' title='bbox 654 2109 770 2149; x_wconf 69' lang='grc' dir='ltr'><em>αὐτοῦ</em></span> <span class='ocrx_word' id='word_1_199' title='bbox 791 2113 943 2159; x_wconf 64' lang='grc' dir='ltr'><em>λαβεῖν,</em></span> <span class='ocrx_word' id='word_1_200' title='bbox 977 2115 1095 2151; x_wconf 78' lang='grc' dir='ltr'><strong>ταί-’τα</strong></span> <span class='ocrx_word' id='word_1_201' title='bbox 1129 2114 1193 2153; x_wconf 66' lang='grc' dir='ltr'>οὐκ</span> <span class='ocrx_word' id='word_1_202' title='bbox 1217 2112 1262 2163; x_wconf 83' lang='grc' dir='ltr'>ἦν</span> <span class='ocrx_word' id='word_1_203' title='bbox 1286 2119 1446 2159; x_wconf 79' lang='grc' dir='ltr'><em>ἐπέτεια.</em></span> 
     </span>
     <span class='ocr_line' id='line_1_29' title="bbox 115 2173 1449 2219; baseline 0.007 -12"><span class='ocrx_word' id='word_1_204' title='bbox 115 2173 190 2207; x_wconf 89' lang='lat' dir='ltr'>Sed</span> <span class='ocrx_word' id='word_1_205' title='bbox 215 2183 260 2207; x_wconf 87' lang='lat' dir='ltr'>ex</span> <span class='ocrx_word' id='word_1_206' title='bbox 284 2173 366 2218; x_wconf 84' lang='lat' dir='ltr'>ipso</span> <span class='ocrx_word' id='word_1_207' title='bbox 393 2174 572 2208; x_wconf 86' lang='lat' dir='ltr'>orationis</span> <span class='ocrx_word' id='word_1_208' title='bbox 599 2179 777 2207; x_wconf 80' lang='lat' dir='ltr'>contextu</span> <span class='ocrx_word' id='word_1_209' title='bbox 803 2182 981 2219; x_wconf 77' lang='lat' dir='ltr'>apparet,</span> <span class='ocrx_word' id='word_1_210' title='bbox 1006 2188 1141 2211; x_wconf 84' lang='lat' dir='ltr'>vanam</span> <span class='ocrx_word' id='word_1_211' title='bbox 1165 2189 1248 2213; x_wconf 86' lang='lat' dir='ltr'>esse</span> <span class='ocrx_word' id='word_1_212' title='bbox 1271 2180 1369 2215; x_wconf 88' lang='lat' dir='ltr'>hanc</span> <span class='ocrx_word' id='word_1_213' title='bbox 1394 2185 1449 2218; x_wconf 87' lang='lat' dir='ltr'>di-</span> 
     </span>
     <span class='ocr_line' id='line_1_30' title="bbox 117 2234 1446 2287; baseline 0.009 -20"><span class='ocrx_word' id='word_1_214' title='bbox 117 2234 384 2278; x_wconf 83' lang='lat' dir='ltr'>stinctionem,</span> <span class='ocrx_word' id='word_1_215' title='bbox 409 2242 522 2281; x_wconf 82' lang='lat' dir='ltr'>atque</span> <span class='ocrx_word' id='word_1_216' title='bbox 546 2235 672 2269; x_wconf 83' lang='lat' dir='ltr'>omnia</span> <span class='ocrx_word' id='word_1_217' title='bbox 697 2235 851 2268; x_wconf 84' lang='lat' dir='ltr'>omnino</span> <span class='ocrx_word' id='word_1_218' title='bbox 874 2237 1221 2282; x_wconf 81' lang='lat' dir='ltr'>Senatusconsulta,</span> <span class='ocrx_word' id='word_1_219' title='bbox 1249 2242 1363 2277; x_wconf 74' lang='lat' dir='ltr'>etiam</span> <span class='ocrx_word' id='word_1_220' title='bbox 1390 2257 1446 2287; x_wconf 74' lang='lat' dir='ltr'>en,</span> 
     </span>
     <span class='ocr_line' id='line_1_31' title="bbox 118 2295 1448 2347; baseline 0.008 -19"><span class='ocrx_word' id='word_1_221' title='bbox 118 2306 217 2341; x_wconf 84' lang='lat' dir='ltr'>quae</span> <span class='ocrx_word' id='word_1_222' title='bbox 227 2295 382 2341; x_wconf 86' lang='lat' dir='ltr'>proprie</span> <span class='ocrx_word' id='word_1_223' title='bbox 407 2302 514 2330; x_wconf 79' lang='lat' dir='ltr'>erant</span> <span class='ocrx_word' id='word_1_224' title='bbox 526 2296 831 2338; x_wconf 81' lang='lat' dir='ltr'>Probuleumata‚</span> <span class='ocrx_word' id='word_1_225' title='bbox 857 2297 1059 2332; x_wconf 85' lang='lat' dir='ltr'>minimum</span> <span class='ocrx_word' id='word_1_226' title='bbox 1070 2311 1194 2334; x_wconf 73' lang='lat' dir='ltr'>annua</span> <span class='ocrx_word' id='word_1_227' title='bbox 1219 2301 1349 2347; x_wconf 81' lang='lat' dir='ltr'>fuisse,</span> <span class='ocrx_word' id='word_1_228' title='bbox 1375 2306 1448 2340; x_wconf 79' lang='lat' dir='ltr'>nisi</span> 
     </span>
     <span class='ocr_line' id='line_1_32' title="bbox 119 2355 1449 2403; baseline 0.008 -15"><span class='ocrx_word' id='word_1_229' title='bbox 119 2355 150 2388; x_wconf 73' lang='lat' dir='ltr'>si</span> <span class='ocrx_word' id='word_1_230' title='bbox 173 2357 334 2400; x_wconf 88' lang='lat' dir='ltr'>populus</span> <span class='ocrx_word' id='word_1_231' title='bbox 361 2357 401 2390; x_wconf 91' lang='lat' dir='ltr'>in</span> <span class='ocrx_word' id='word_1_232' title='bbox 427 2357 588 2390; x_wconf 84' lang='lat' dir='ltr'>comitiis</span> <span class='ocrx_word' id='word_1_233' title='bbox 613 2357 757 2403; x_wconf 85' lang='lat' dir='ltr'>aliquid</span> <span class='ocrx_word' id='word_1_234' title='bbox 787 2359 966 2392; x_wconf 79' lang='lat' dir='ltr'>contrarii</span> <span class='ocrx_word' id='word_1_235' title='bbox 994 2359 1173 2396; x_wconf 79' lang='lat' dir='ltr'>scivisset.</span> <span class='ocrx_word' id='word_1_236' title='bbox 1214 2363 1322 2397; x_wconf 85' lang='lat' dir='ltr'>Tunc</span> <span class='ocrx_word' id='word_1_237' title='bbox 1347 2367 1449 2400; x_wconf 79' lang='lat' dir='ltr'>enim</span> 
     </span>
     <span class='ocr_line' id='line_1_33' title="bbox 121 2416 1448 2466; baseline 0.009 -18"><span class='ocrx_word' id='word_1_238' title='bbox 121 2416 250 2450; x_wconf 79' lang='lat' dir='ltr'>statim</span> <span class='ocrx_word' id='word_1_239' title='bbox 273 2416 383 2451; x_wconf 78' lang='lat' dir='ltr'>irrita</span> <span class='ocrx_word' id='word_1_240' title='bbox 407 2418 523 2451; x_wconf 82' lang='lat' dir='ltr'>fuisse</span> <span class='ocrx_word' id='word_1_241' title='bbox 535 2418 877 2461; x_wconf 85' lang='lat' dir='ltr'>Senatusconsulta,</span> <span class='ocrx_word' id='word_1_242' title='bbox 904 2431 970 2453; x_wconf 81' lang='lat' dir='ltr'>sua</span> <span class='ocrx_word' id='word_1_243' title='bbox 987 2419 1146 2466; x_wconf 78' lang='lat' dir='ltr'>quisque</span> <span class='ocrx_word' id='word_1_244' title='bbox 1164 2424 1448 2466; x_wconf 79' lang='lat' dir='ltr'>sponteintelli-</span> 
     </span>
     <span class='ocr_line' id='line_1_34' title="bbox 119 2476 1446 2531; baseline 0.008 -22"><span class='ocrx_word' id='word_1_245' title='bbox 119 2476 186 2523; x_wconf 75' lang='lat' dir='ltr'>git.</span> <span class='ocrx_word' id='word_1_246' title='bbox 235 2477 391 2512; x_wconf 84' lang='lat' dir='ltr'>Exstant</span> <span class='ocrx_word' id='word_1_247' title='bbox 423 2485 551 2513; x_wconf 82' lang='lat' dir='ltr'>tamen</span> <span class='ocrx_word' id='word_1_248' title='bbox 582 2477 772 2526; x_wconf 87' lang='lat' dir='ltr'>hodieque</span> <span class='ocrx_word' id='word_1_249' title='bbox 807 2480 1160 2524; x_wconf 79' lang='lat' dir='ltr'>senatusconsulta,</span> <span class='ocrx_word' id='word_1_250' title='bbox 1207 2495 1304 2530; x_wconf 78' lang='lat' dir='ltr'>quae</span> <span class='ocrx_word' id='word_1_251' title='bbox 1336 2497 1446 2531; x_wconf 74' lang='lat' dir='ltr'>supra</span> 
     </span>
     <span class='ocr_line' id='line_1_35' title="bbox 119 2539 1450 2590; baseline 0.008 -19"><span class='ocrx_word' id='word_1_252' title='bbox 119 2547 288 2572; x_wconf 71' lang='lat' dir='ltr'>annuum</span> <span class='ocrx_word' id='word_1_253' title='bbox 311 2544 459 2584; x_wconf 83' lang='lat' dir='ltr'>tempus</span> <span class='ocrx_word' id='word_1_254' title='bbox 483 2540 610 2573; x_wconf 85' lang='lat' dir='ltr'>valere</span> <span class='ocrx_word' id='word_1_255' title='bbox 635 2539 819 2583; x_wconf 80' lang='lat' dir='ltr'>debuisse,</span> <span class='ocrx_word' id='word_1_256' title='bbox 846 2547 884 2574; x_wconf 90' lang='lat' dir='ltr'>et</span> <span class='ocrx_word' id='word_1_257' title='bbox 910 2552 954 2575; x_wconf 87' lang='lat' dir='ltr'>ex</span> <span class='ocrx_word' id='word_1_258' title='bbox 977 2541 1058 2586; x_wconf 87' lang='lat' dir='ltr'>ipso</span> <span class='ocrx_word' id='word_1_259' title='bbox 1086 2553 1220 2577; x_wconf 87' lang='lat' dir='ltr'>eorum</span> <span class='ocrx_word' id='word_1_260' title='bbox 1249 2556 1450 2590; x_wconf 63' lang='lat' dir='ltr'>arg-umen»</span> 
     </span>
    </p>
   </div>
   <div class='ocr_carea' id='block_1_7' title="bbox 120 2599 1446 2706">
    <p class='ocr_par' dir='ltr' id='par_1_7' title="bbox 120 2599 1446 2706">
     <span class='ocr_line' id='line_1_36' title="bbox 120 2599 1446 2649; baseline 0.006 -18"><span class='ocrx_word' id='word_1_261' title='bbox 120 2604 160 2632; x_wconf 91' lang='lat' dir='ltr'>to</span> <span class='ocrx_word' id='word_1_262' title='bbox 195 2599 317 2632; x_wconf 84' lang='lat' dir='ltr'>evinci</span> <span class='ocrx_word' id='word_1_263' title='bbox 351 2600 520 2642; x_wconf 84' lang='lat' dir='ltr'>videtur,</span> <span class='ocrx_word' id='word_1_264' title='bbox 559 2606 597 2634; x_wconf 82' lang='lat' dir='ltr'>et</span> <span class='ocrx_word' id='word_1_265' title='bbox 629 2610 674 2634; x_wconf 88' lang='lat' dir='ltr'>ex</span> <span class='ocrx_word' id='word_1_266' title='bbox 707 2612 772 2643; x_wconf 85' lang='lat' dir='ltr'>eo,</span> <span class='ocrx_word' id='word_1_267' title='bbox 811 2601 912 2647; x_wconf 81' lang='lat' dir='ltr'>quod</span> <span class='ocrx_word' id='word_1_268' title='bbox 936 2601 1122 2646; x_wconf 81' lang='lat' dir='ltr'>lapidibus</span> <span class='ocrx_word' id='word_1_269' title='bbox 1146 2604 1326 2649; x_wconf 79' lang='lat' dir='ltr'>inscripta</span> <span class='ocrx_word' id='word_1_270' title='bbox 1351 2615 1446 2641; x_wconf 69' lang='lat' dir='ltr'>sunt.</span> 
     </span>
     <span class='ocr_line' id='line_1_37' title="bbox 121 2658 948 2706; baseline 0.007 -15"><span class='ocrx_word' id='word_1_271' title='bbox 121 2658 193 2692; x_wconf 84' lang='lat' dir='ltr'>vid.</span> <span class='ocrx_word' id='word_1_272' title='bbox 222 2660 329 2705; x_wconf 84' lang='lat' dir='ltr'>Biagi</span> <span class='ocrx_word' id='word_1_273' title='bbox 353 2660 399 2696; x_wconf 84' lang='lat' dir='ltr'>de</span> <span class='ocrx_word' id='word_1_274' title='bbox 425 2663 575 2697; x_wconf 76' lang='lat' dir='ltr'>Decret.</span> <span class='ocrx_word' id='word_1_275' title='bbox 607 2661 738 2695; x_wconf 71' lang='lat' dir='ltr'>Athen.</span> <span class='ocrx_word' id='word_1_276' title='bbox 764 2673 843 2706; x_wconf 84' lang='lat' dir='ltr'>cap.</span> <span class='ocrx_word' id='word_1_277' title='bbox 872 2663 948 2697; x_wconf 85' lang='lat' dir='ltr'>XX.</span> 
     </span>
    </p>
   </div>
  </div>
 </body>
</html>
