1706 3058
274 91 353 148 :196

273 195 498 252 equitum,
532 195 834 249 judiciorum,
876 200 1089 247 Senatus,
1129 197 1484 250 concionumu),
1526 209 1622 240 at-¹

273 283 359 323 que
389 268 639 324 largitiones
671 267 782 309 istae
822 282 933 324 quae
962 271 1146 325 θεωρικά
1182 267 1465 311 dicebantur:
1508 271 1589 311 du-

272 339 400 380 bium
440 354 531 380 esse
571 353 663 381 non
694 350 875 397 potest,
929 338 1037 395 quin
1089 339 1307 392 ejusmodi
1354 340 1592 396 impendiis

274 422 388 452 certa
435 413 650 466 quaedam
704 410 933 453 redituum
985 425 1142 467 genera
1190 411 1326 452 semel
1376 410 1593 452 destinata

271 480 452 531 fuerint,
483 492 714 538 certaeque
733 481 1025 538 pecuniarum
1047 496 1246 523 summae
1266 496 1289 522 a
1310 481 1444 526 variis
1465 494 1594 538 quae-

272 551 464 592 storibus
497 555 755 610 erogandae,
786 564 837 594 ut
866 567 956 597 non
989 568 1100 609 opus
1133 564 1266 602 esset,
1298 552 1488 608 singulas
1518 554 1596 594 hu-

268 623 521 674 juscemodi
552 623 827 678 erogationes
859 625 985 666 novis
1018 638 1191 679 semper
1218 623 1596 679 Psephismatibus

272 708 296 734 a
326 696 494 750 populo
528 693 708 737 decerni
738 709 787 736 ac
816 695 1018 748 juberi³³)
1077 697 1234 750 Neque
1255 706 1471 750 repugnat
1489 695 1596 738 huic

270 803 587 847 extraordinaria,
628 815 789 850 quorum
823 810 966 837 sumtus
1000 816 1021 837 a
1069 803 1210 849 populo
1253 813 1403 847 semper
1441 802 1597 838 ‘decerni

273 873 429 897 necesse
464 870 556 899 erat.
615 865 740 900 Etiam
774 865 820 899 de
860 864 1046 901 ἱπιθεταῖν
1078 863 1217 910 ἑορτῶν
1249 862 1429 898 sumtibus
1462 861 1594 897 dubius

273 934 376 966 sum,
413 937 459 959 an
484 925 523 960 hi
554 926 698 971 legibus
725 924 871 959 definiti
892 924 1045 959 fuerint.
1548 907 1579 934 x

318 985 376 1028 3¹)
404 986 464 1019 De
486 986 544 1020 his
564 987 724 1032 aliisque
746 985 997 1029 mercedibus,
1025 988 1150 1030 (erant
1174 992 1302 1020 autem
1325 983 1445 1019 multa
1469 994 1513 1017 ex
1536 982 1594 1025 iis,

274 1056 370 1089 quae
395 1043 540 1091 ἅρχίδια
563 1046 839 1081 Demosthenes
853 1046 956 1090 dicit,
980 1047 1243 1089 mereenaria,)
1270 1046 1342 1080 vid.
1376 1043 1539 1078 Boeckh.
1563 1044 1593 1077 I.

272 1116 309 1148 p.
332 1117 410 1149 244.
429 1119 507 1152 sqq.
534 1107 856 1141 Extraordinarias
869 1114 994 1142 autem
1007 1107 1215 1149 mercedes,
1242 1106 1346 1140 velut
1368 1107 1594 1150 legatorum,

274 1166 604 1211 Nomothetarum,
631 1174 669 1202 et
695 1168 725 1202 si
751 1180 847 1213 quae
872 1175 958 1202 sunt
983 1170 1100 1210 aliae,
1126 1168 1256 1212 populi
1280 1165 1596 1211 Psephismatihus

274 1226 442 1261 decretas
467 1239 549 1262 esse
571 1239 726 1263 necesse
751 1232 820 1262 est.
871 1227 926 1262 Cf.
954 1239 1064 1273 supra
1083 1239 1188 1273 capp.
1215 1228 1298 1261 VII.
1333 1233 1371 1260 et
1395 1227 1498 1259 VIII.

318 1287 377 1330 32)
406 1289 635 1329 Colacretas‚
662 1286 725 1331 qui
744 1287 926 1329 judicibus
950 1288 1165 1322 mercedem
1189 1298 1294 1321 suam
1310 1286 1591 1328 distribuerunt,

272 1357 398 1380 arcam
422 1359 529 1382 suam
551 1347 960 1382 habuisse‘Boeckhius
980 1348 1126 1394 probat.
1149 1349 1179 1382 I.
1206 1359 1241 1392 p.
1272 1348 1346 1385 186.
1375 1347 1422 1381 cf.
1449 1358 1486 1391 p.
1512 1351 1590 1391 385.

273 1415 429 1450 Senatus
455 1422 495 1450 et
516 1416 740 1450 concionum
764 1416 958 1451 mercedes
991 1417 1092 1451 unde
1113 1421 1334 1451 numeratae
1357 1414 1452 1458 sint,
1477 1414 1598 1448 nesei-

272 1485 366 1510 mus.
415 1477 595 1522 Equitum
610 1476 829 1511 mercedem
849 1482 888 1510 et
911 1477 993 1511 illas
1021 1477 1209 1512 theoricas
1227 1475 1446 1521 largitiones
1468 1485 1513 1508 ex
1528 1473 1596 1508 illo

273 1537 441 1579 aerario,
482 1549 555 1583 quo
588 1538 852 1572 condebantur
885 1539 1075 1573 sociorum
1101 1537 1263 1580 tributa,
1302 1537 1363 1570 cui
1394 1534 1598 1580 praepositi

272 1604 380 1630 erant
401 1599 727 1643 Hellenotamiae‚
761 1599 823 1633 vel
847 1610 891 1633 ex
914 1599 1161 1644 Inscriptione
1185 1603 1314 1631 nostra
1337 1603 1445 1644 patet
1463 1608 1594 1632 nume—

272 1657 346 1690 rari
370 1658 496 1692 solitas
522 1671 615 1694 esse.
664 1662 799 1706 Neque
823 1659 960 1692 mirum
995 1665 1072 1702 est:²
1104 1658 1200 1693 illud
1226 1659 1413 1693 aerarium
1436 1669 1596 1692 vacuum

271 1716 339 1750 illo
365 1724 538 1763 tempore
566 1719 702 1762 fuisse,
737 1730 823 1752 cum
850 1719 939 1751 socii
971 1730 1099 1753 omnes
1130 1719 1380 1754 descivissent.
1430 1718 1594 1754 Posteris

272 1783 398 1812 autern
425 1779 675 1824 temporibm,
707 1778 855 1812 sublato
887 1779 1248 1815 Hellenotamiarum
1273 1790 1430 1813 munere
1447 1804 1456 1822 ,
1490 1778 1596 1812 insti-

272 1841 347 1873 tuti
368 1847 454 1874 sunt
479 1838 516 1876 οἱ
538 1838 612 1874 τῶν
634 1837 829 1884 θεωρικῶν
853 1838 1042 1884 ἄρχοντες,
1078 1841 1140 1886 qui
1166 1847 1204 1876 et
1234 1841 1305 1886 ipsi
1338 1850 1465 1875 arcam
1487 1845 1595 1872 suam

271 1898 505 1943 habuerunt,
529 1899 642 1933 modo
667 1898 841 1934 ditiorem
863 1900 976 1933 modo
998 1901 1284 1946 pauperiorem;
1322 1901 1468 1934 variare
1492 1899 1594 1933 enim

274 1961 354 2001 ejus
379 1960 519 1994 reditus
545 1958 737 2002 solebant,
769 1966 881 2004 prout
905 1960 987 2005 plus
1021 1962 1189 1996 minusve
1224 1960 1263 1996 ἐκ
1289 1959 1353 2005 1⁷5«.-
1391 1958 1596 2006 διοικήσεως

274 2028 491 2065 supererat3
528 2025 684 2064 eratque
712 2021 851 2065 populo
885 2021 1065 2064 liberum,
1105 2021 1248 2056 belline
1281 2021 1407 2055 usibus
1441 2033 1488 2054 an
1518 2020 1593 2055 lar-

274 2081 475 2125 gitionibus
498 2082 570 2115 ista
587 2079 736 2115 residua
754 2079 919 2126 impendi
932 2081 1058 2116 vellet.
1082 2081 1152 2115 vid.
1171 2082 1369 2116 Demosth.
1391 2083 1432 2116 in
1453 2083 1590 2116 Neaer.

272 2152 310 2186 p.
342 2143 438 2186 1346.
465 2142 512 2175 cf.
544 2140 708 2175 Boeckh.
735 2152 770 2185 p.
809 2153 883 2187 194.
934 2143 1066 2188 Itaque
1099 2143 1214 2178 etiam
1245 2134 1463 2188 largitiones
1496 2142 1594 2176 istae

273 2201 385 2236 modo
409 2202 686 2248 frequentiores
710 2207 820 2236 erant
842 2208 881 2236 et
906 2205 1079 2246 majores,
1103 2203 1215 2243 modo
1226 2205 1387 2238 rariores
1408 2209 1447 2238 et
1472 2204 1594 2238 rriino-

273 2273 346 2296 res.
403 2262 734 2297 Distribuebantur
764 2268 891 2297 autem
934 2262 1027 2299 κατοὶ
1058 2261 1202 2310 δήμους.
1243 2277 1277 2299 v.
1321 2264 1518 2299 Demosth.
1552 2263 1593 2299 in

275 2322 457 2357 Leochar.
482 2335 518 2369 p.
549 2335 669 2368 1191.;
704 2334 752 2357 an
776 2323 815 2357 in
848 2323 1028 2367 comitiis,
1062 2323 1210 2358 dubito:
1247 2336 1372 2371 neque
1406 2324 1592 2358 evincitur

274 2382 313 2415 id
336 2383 525 2416 Aeschinis
549 2383 654 2426 loco,
681 2395 795 2428 quem
818 2383 1047 2426 Boeckhius,
1074 2396 1110 2430 p.
1140 2397 1216 2432 237.
1245 2387 1355 2428 citat,
1394 2385 1474 2420 adv.
1503 2386 1591 2420 Cte-

276 2442 437 2486 siphont.
463 2454 499 2487 p.
526 2443 602 2489 642.
630 2442 835 2490 ἀπέρχεσθε
849 2442 889 2479 ἐκ
912 2442 985 2480 τῶν
1005 2442 1199 2488 ἐκκλησιῶν
1223 2443 1265 2482 οὗ
1289 2443 1591 2492 βουλευσάμενοι.

275 2499 354 2537 ἄλλ’
387 2500 505 2549 ὥσπερ
537 2503 576 2540 ἐκ
610 2503 683 2539 τῶν
717 2503 872 2551 ἐράνων,
910 2502 955 2537 τοὶ
987 2503 1164 2549 περιόντα
1190 2506 1410 2552 νειμάμενοα
1437 2505 1499 2551 (ταὶ
1521 2517 1590 2540 πε·-

275 2559 405 2605 paona
428 2563 451 2597 i.
480 2575 511 2598 e.
540 2575 637 2610 quae
674 2563 718 2598 ab
744 2564 855 2599 avidis
880 2565 1105 2610 Demagogis
1130 2567 1262 2602 relicta
1287 2568 1400 2609 sunt).
1451 2563 1589 2610 Quidni

276 2621 369 2657 haec
394 2623 440 2658 de
464 2624 700 2662 comitiorum
723 2625 899 2662 mercede
924 2625 1144 2672 accipiamus
1157 2626 1174 2660 ἶ)
