1706 3058
1332 176 1417 214 xxv

97 282 229 317 testas
246 283 395 327 neque
407 270 595 313 Senatus
611 267 850 309 auctoritas
874 267 923 309 in
941 267 1168 326 republica
1189 271 1416 318 valebant3

99 342 252 388 omnia
287 341 560 384 concionum
589 338 817 396 imperitia
850 350 895 380 et
934 340 1182 382 temeritate
1219 342 1418 383 admini-

99 417 368 458 strabantur.
429 412 500 455 lbi
532 415 584 454 de
617 413 733 453 bello
767 422 809 453 et
844 426 950 468 pace
979 414 1313 463 decernebatur;
1352 412 1418 454 ibi

98 486 268 542 judicia
291 487 620 536 exercebantur,
641 483 704 525 ibi
730 485 846 539 leges
870 485 1121 526 ferebantur
1141 483 1417 534 innumerae,

100 557 213 600 aliae
244 557 339 600 aliis
368 555 636 606 contrariae,
682 554 892 604 inutiles,
934 570 1040 597 mox
1075 558 1350 612 abrogandae
1378 566 1422 597 et

101 643 205 674 cum
228 629 326 671 aliis
354 628 691 685 permutandam
722 642 864 682 neque
901 627 1193 668 audiebantur
1226 629 1425 684 pruden-

102 699 217 743 tium
242 699 443 742 virorum
468 697 675 746 consilia3
706 698 958 740 levissimus
991 698 1181 755 quisque
1209 710 1252 742 et
1273 699 1425 757 impu-

103 771 393 815 dentissimus
426 771 474 813 in
507 782 717 828 suggestu
736 770 965 812 liberrime
988 772 1205 812 clamabat
1226 782 1266 812 et
1290 773 1424 828 vulgo

103 842 297 887 maxime
317 845 610 900 probabatur3
641 841 1054 890 vociferationibus,
1080 842 1315 891 conviciis,
1339 847 1427 896 jur-

105 915 213 974 giis,
245 916 330 963 ira,
363 914 470 964 risu,
507 916 705 956 tumultu
728 915 878 955 omnia
899 917 1153 971 agebantur.

190 989 335 1043 Atque
356 988 442 1027 hoc
468 987 598 1027 modo
621 985 960 1028 Atheniensium
983 985 1232 1042 respublica
1253 1001 1431 1028 emensa

109 1068 174 1101 est
196 1057 334 1098 istum
359 1071 561 1106 cursum,
595 1072 724 1113 quem
767 1057 1005 1111 Polybius,
1039 1056 1327 1114 gravissimus
1357 1073 1431 1099 au·

107 1139 218 1176 otor,
243 1139 285 1170 et
304 1129 543 1185 prudentia
566 1128 692 1171 cix-ili
719 1141 762 1171 et
789 1129 937 1170 omnis
959 1128 1240 1185 antiquitatis
1264 1143 1432 1170 memo·

107 1199 172 1243 ria
194 1200 592 1256 instructissimus,
624 1200 748 1258 quasi
781 1202 972 1243 fatorum
1002 1202 1097 1257 lege
1119 1203 1248 1245 rebus
1269 1203 1434 1242 huma-

107 1272 175 1313 nis
198 1271 521 1329 praescriptum
545 1285 587 1314 et
608 1273 860 1322 definitum,
895 1275 1148 1329 complexus
1170 1284 1235 1314 est
1255 1272 1321 1314 his
1340 1288 1435 1314 ver-

107 1342 198 1386 bis:
232 1343 364 1400 digna
393 1344 512 1386 enim
535 1357 654 1394 sunt,
688 1360 799 1402 quae
818 1344 914 1401 ipsa
936 1344 1264 1387 adscribantur:

201 1416 354 1472 Πρώτη
385 1419 456 1471 μὲν
484 1413 585 1470 οὖν,
627 1416 802 1474 inquit,
842 1415 1133 1469 ςῗκατασκεύως
1158 1419 1226 1460 καὶ
1252 1422 1437 1471 φυσικαῖς

114 1492 346 1533 συνίσταται
368 1493 607 1545 Μοναρχία·
637 1490 762 1548 ταύτῃ
792 1487 825 1532 δ’
853 1492 988 1533 ἕπεται
1017 1492 1087 1532 καὶ
1115 1492 1158 1533 ἔκ
1185 1488 1332 1543 ταύτης
1351 1508 1435 1544 ysit-

114 1567 233 1604 νᾶται
251 1560 349 1614 μετὰ
370 1561 623 1613 κατασκεύῆς
641 1563 710 1603 καὶ
731 1561 994 1612 διορθώσεως
1017 1563 1225 1604 Βασιλεία,
1246 1565 1437 1614 μεταβαλ·

115 1632 267 1686 λούσης
286 1634 328 1675 δὲ
350 1631 499 1685 ταύτης
522 1635 578 1681 εἰς
597 1631 646 1675 τὰ
663 1639 836 1687 συμφυῆ
854 1632 982 1685 κακοὶ,
1013 1634 1113 1688 λέγω
1133 1634 1176 1675 δὲ
1207 1634 1263 1680 εἰς
1289 1636 1438 1686 Τυραν-

118 1707 223 1756 νίδα,
255 1699 379 1753 αὖθις
400 1705 442 1745 ἐκ
462 1709 533 1757 τῆς
553 1703 709 1746 τούτων
730 1703 990 1754 καταλύσεως
1007 1702 1320 1759 Ἀριστοκρατία
1343 1703 1440 1756 φύε·

119 1794 195 1819 ται.
218 1774 378 1830 καὶμὴν
397 1775 543 1829 ταύτης
563 1778 620 1825 εἰς
633 1772 894 1833 Ὀλιγαρχίαν
912 1778 1172 1833 ἔκτραπείσης
1184 1774 1283 1816 κατὰ
1301 1774 1441 1828 φύσιν,

118 1854 196 1891 τοῦ
224 1848 267 1890 δὲ
304 1846 494 1901 πλήθους
526 1844 630 1903 ὀργῇ
664 1848 929 1902 μετελθὸντος
958 1847 1029 1897 τὰς
1066 1853 1147 1889 τῶν
1178 1845 1444 1903 προεστώτων

122 1917 302 1971 ἀδικίας,
334 1925 524 1975 γεννᾶται
542 1925 706 1974 Δῆμος·
738 1923 781 1964 ἐκ
809 1921 852 1963 δὲ
880 1919 1028 1963 τούτου
1055 1918 1175 1961 πάλιν
1200 1916 1360 1973 ὕβρεως
1379 1920 1446 1960 καὶ

123 1994 378 2047 παρανομίας
395 1989 703 2048 οἷποπληροῢται
722 1992 795 2035 σῦν
815 1991 977 2048 χρόνοις
999 1989 1266 2046 Ὀχλοκρατία
1277 1990 1331 2043 *).

211 2063 296 2104 Sed
337 2061 469 2103 nobis
508 2063 584 2104 hic
620 2064 980 2105 subsistendum:
1022 2060 1241 2118 persecuti
1279 2075 1448 2111 sumus,

127 2147 239 2189 quae
287 2132 418 2174 nobis
461 2136 767 2192 persequenda
815 2148 1123 2177 sumserarnuS.
1194 2131 1450 2175 Consilium

127 2204 250 2247 enim
274 2214 385 2252 crat,
419 2208 675 2260 ostendere,
708 2222 795 2263 quo
819 2208 955 2248 modo
977 2205 1194 2262 quibusve
1214 2203 1355 2246 causis
1375 2219 1453 2260 po·

127 2276 223 2335 puli
251 2276 455 2325 libertas,
490 2284 614 2331 cujus
652 2278 942 2336 praecipuum
972 2277 1322 2318 instrumentum
1354 2285 1455 2317 sunt

131 2347 342 2401 comitia,
375 2360 466 2390 orta
491 2349 550 2391 sit
572 2349 632 2391 *in
666 2350 810 2393 Attica
842 2348 1068 2407 republica
1101 2360 1144 2390 et
1177 2346 1453 2392 confirmata,

134 2436 184 2465 ac
205 2432 430 2477 postremo
454 2436 582 2477 supra
601 2423 784 2464 modum
811 2435 938 2464 aucta
964 2433 1007 2462 et
1037 2419 1084 2460 in
1119 2419 1374 2461 effrenatam
1405 2416 1455 2457 li-

132 2492 324 2534 centiam
346 2505 573 2538 conversa.
633 2497 786 2550 Itaque
808 2508 930 2536 nunc
953 2497 1038 2545 jam
1060 2492 1112 2532 ad
1130 2490 1272 2547 ipsam
1300 2491 1353 2530 de
1378 2503 1457 2530 co-

137 2562 275 2609 mitiis
297 2565 605 2607 tractationem
627 2565 988 2623 progrediemur,
1019 2563 1066 2604 in
1090 2577 1175 2623 qua
1197 2560 1377 2622 quidem
1400 2559 1459 2605 ita

184 2691 216 2736 ’,Ἰ
240 2689 436 2739 Polybius,
461 2687 526 2724 lib.
554 2687 617 2721 VI.
642 2695 720 2728 cap.
740 2696 771 2729 4.
