1706 3058
287 108 312 124 Π

286 121 369 152 :uo

293 225 408 256 teres
452 225 681 258 testantur.
755 212 927 270 Quodsi
981 212 1058 268 qui
1111 228 1162 255 ex
1211 213 1265 254 iis
1315 213 1619 270 cognitionem

295 301 438 328 meam
472 285 690 341 fugerint,
721 284 903 327 veniam
934 283 1044 325 mihi
1078 285 1203 326 facile
1225 287 1381 327 datum
1403 283 1461 326 iri
1493 297 1621 341 spero

297 360 350 398 ab
381 356 532 412 aequis
564 355 818 405 lectoribus,
853 355 930 412 qui
960 355 1264 404 meminerint,
1297 371 1444 412 neque
1474 371 1620 398 unum

298 427 449 469 omnia
481 429 624 485 legere
653 442 802 484 posse,
844 442 992 483 neque
1032 439 1199 469 tantam
1233 441 1324 468 csse
1357 431 1623 484 cujusquam

297 499 344 539 in
387 500 610 540 enotando
653 510 695 540 et
735 501 1012 555 excerpendo
1067 497 1368 555 diligentiam,
1417 509 1468 539 ut
1508 497 1623 540 nihil

295 583 493 627 unquam
524 572 576 612 ab
618 583 670 611 eo
708 570 1097 627 praetermittatur.

381 657 490 697 Tres
522 656 704 699 fuerunt
743 657 927 700 Athenis
969 657 1260 698 creandorum
1289 653 1628 710 magistratuum

294 726 441 774 modi3
485 726 641 780 (liceat
679 739 829 770 autem
861 726 997 775 mihi,
1036 725 1375 782 magistratuum
1406 726 1625 766 vocabulo

293 796 487 838 subinde
535 796 668 839 etiam
718 810 943 840 curatores
987 808 1031 839 et
1071 797 1299 839 ministros
1339 794 1626 851 complecti3)

293 883 397 909 nam
429 867 581 909 autin
622 869 819 911 comitiis
861 872 1122 910 creabantur
1161 867 1298 909 totius
1338 866 1490 923 populi
1530 865 1630 908 suf-

294 937 464 994 fragiis,
496 949 571 980 aut
601 951 720 981 sorte
753 955 776 982 a
797 938 1131 982 Thesmothetis
1163 938 1212 979 in
1245 937 1409 980 Thesei
1444 939 1630 994 templo,

297 1009 450 1050 autin
491 1009 694 1052 tribuum
735 1022 778 1053 et
817 1012 1040 1054 curiarum
1081 1010 1257 1065 (δήμων)
1299 1011 1630 1064 conventubus‚

297 1080 535 1123 tribulium
567 1093 609 1123 et
639 1081 877 1124 curialium
909 1081 1195 1139 suffragiis⁴).
1254 1082 1315 1122 Ac
1354 1080 1406 1121 de
1436 1083 1523 1121 hoc
1543 1093 1631 1135 po-

295 1161 461 1193 stremo
494 1151 735 1195 dicendum
767 1153 852 1194 erit
881 1153 1086 1209 proximo
1116 1152 1253 1201 libr0;
1295 1149 1510 1193 sortiendi
1552 1164 1633 1192 au-

297 1231 388 1262 tem
421 1223 702 1279 magistratus
745 1226 1025 1265 consuetudo
1067 1223 1294 1279 aliquanto
1336 1232 1427 1263 erat
1458 1220 1634 1263 Solonis

299 1303 443 1333 aetate
474 1292 711 1335 recentior.
773 1295 836 1334 Ab
867 1296 952 1335 hoc
983 1293 1105 1334 enim
1143 1302 1372 1334 vetustum
1403 1290 1634 1348 magistra-

299 1371 430 1403 tuum
475 1362 701 1418 suffragiis
753 1363 933 1404 creandi
987 1378 1157 1405 morem
1205 1377 1294 1405 non
1343 1362 1633 1404 immutatum

297 1447 416 1482 esse,
472 1432 727 1475 Aristoteles
786 1445 942 1477 auctor
1000 1437 1131 1487 est');
1197 1444 1240 1475 et
1299 1445 1389 1476 erat
1439 1446 1542 1474 sane
1592 1431 1632 1474 is

299 1518 398 1545 mos
432 1503 890 1546 convenientissimus
925 1504 1003 1546 tali
1035 1504 1319 1561 reipublicae,
1352 1505 1530 1560 qualem
1560 1505 1637 1547 So-

296 1576 374 1616 lon
428 1575 634 1618 omnium
685 1575 1107 1632 praestantissimam
1158 1575 1399 1629 judicavit,
1454 1589 1506 1616 ex
1544 1577 1637 1616 De-

296 1646 509 1689 mocratia
560 1659 692 1704 atque
751 1646 1036 1690 Aristocratia
1092 1646 1258 1689 mixtae
1319 1657 1364 1689 et
1411 1657 1636 1703 tempera-

347 1819 385 1860 4)
412 1819 510 1853 Nota
534 1831 594 1854 res
620 1821 678 1856 vel
705 1820 832 1865 pueris
859 1826 916 1854 est
940 1831 984 1854 ex
1007 1820 1340 1866 pervulgatissimis
1366 1818 1638 1865 antiquitatum

302 1878 557 1923 compendiis,
593 1892 667 1915 non
697 1881 820 1914 minus
848 1891 959 1925 quam
985 1879 1099 1923 illud,
1135 1878 1406 1925 χειροτονητοῦε
1429 1890 1534 1921 esse,
1570 1878 1636 1924 qui

300 1937 341 1971 in
367 1939 552 1983 comitiis,
579 1938 801 1986 κληρωτοῦς,
835 1941 899 1985 qui
923 1945 1046 1983 sorte,
1084 1938 1271 1987 αἶρετοές,
1299 1940 1363 1986 qui
1387 1951 1409 1973 a
1431 1938 1634 1973 tribulibus

300 2004 367 2032 aut
393 2000 595 2035 curialibus
621 2007 807 2036 creentur.
858 2001 917 2035 Cf.
946 2001 1073 2046 Sigon.
1099 2001 1125 2035 l.
1153 2001 1178 2034 l.
1206 2000 1319 2034 Petit.
1346 2001 1462 2046 Legg.
1490 2000 1564 2034 Att.
1593 2010 1630 2044 p.

304 2069 373 2102 300
396 2080 441 2085 —
459 2070 538 2105 3⁰4·

351 2152 388 2194 5)
415 2152 563 2187 Politic.
592 2154 642 2187 II.
670 2165 748 2199 cap.
777 2166 830 2190 ιο.
858 2154 924 2189 ubi
949 2151 1115 2200 αἱρετούς
1139 2153 1254 2197 dicit,
1289 2153 1461 2199 generali
1493 2150 1638 2198 signifi-

306 2212 454 2246 catione
475 2238 484 2255 ,
510 2225 577 2257 pro
604 2212 880 2259 χειροτονητωῖς
915 2222 953 2250 et
978 2214 1117 2260 αἵρεσιν
1146 2227 1215 2260 pro
1247 2216 1490 2260 χειροτονίαν.
1538 2212 1638 2246 Huic

305 2273 529 2307 Plutarchus
556 2285 704 2320 quoque
730 2274 895 2316 accedit,
922 2285 1085 2318 compar.
1104 2275 1254 2310 Solonis
1280 2286 1312 2308 c.
1339 2273 1535 2308 Publicola
1554 2284 1637 2318 cap.

305 2345 338 2367 ε.
368 2334 426 2366 Ait
451 2335 564 2377 enim,
592 2328 824 2369 Pnhlicolarri
847 2334 1035 2369 imitatum
1047 2346 1129 2370 esse
1151 2335 1246 2369 illud
1260 2334 1408 2369 Solonis
1423 2333 1639 2368 institutum

307 2400 350 2426 nt
369 2394 615 2429 creandorum
634 2396 924 2441 magistratuum
944 2401 1170 2440 potestatem
1192 2394 1332 2440 populo
1356 2394 1472 2428 daret.
1509 2393 1636 2428 Etiam

306 2457 515 2498 Isocrates,
544 2458 756 2501 Areopagit.
786 2469 822 2502 p.
847 2468 926 2501 342.
954 2457 1159 2502 antiquitus
1183 2467 1260 2489 non
1285 2461 1387 2489 sorte
1407 2454 1536 2488 ductos
1573 2453 1639 2488 sed

1691 228 1706 261 ῃ

1697 277 1706 310 Ξ

308 2515 494 2560 suffragiis
522 2523 668 2550 creatos
694 2529 775 2551 esse
800 2517 1037 2562 magistratus
1064 2517 1185 2551 docet.
1232 2517 1316 2549 Huc
1337 2515 1502 2560 pertinet
1523 2514 1639 2549 etiam
1686 2530 1706 2561 „-

310 2576 504 2610 Demosth.
532 2577 569 2609 in
596 2578 768 2622 Neaenp.
796 2590 893 2624 ¹370·
915 2577 961 2611 de
983 2577 1172 2611 Archonte
1184 2577 1290 2622 Rege
1307 2577 1480 2622 loquens,
1508 2584 1637 2620 quam-

312 2647 424 2681 quam
459 2637 489 2671 is
515 2649 538 2671 a
559 2637 697 2672 Thesei
722 2645 844 2673 aetate
869 2639 1009 2684 repetit
1033 2638 1206 2673 instituta
1229 2638 1343 2682 longe
1367 2634 1593 2670 recentiora.
