1706 3058
1403 110 1423 150 7
1431 109 1455 150 7

114 206 412 253 hereditatem
453 203 617 248 adiisse
661 215 708 246 et
756 213 926 247 tutores
973 202 1022 246 in
1078 206 1147 256 jus
1199 203 1463 256 vocasse²¹);

115 292 251 337 atque
282 278 342 321 ita
378 282 490 320 haec
521 288 685 326 narrat,
717 286 768 318 ut
798 287 1019 332 appareat,
1051 289 1143 316 non
1174 285 1346 331 praeter
1366 288 1466 316 mo·

115 367 211 394 rem
243 351 293 392 id
324 342 482 398 foisse,
517 350 597 391 secl
627 349 835 404 vulgatae
864 345 1190 388 consuetudini
1224 356 1466 389 consenta-

113 438 280 471 neum,
319 433 373 464 ut
411 420 459 461 id
500 419 653 462 aetatis
696 418 1062 462 inscriberentur.
1129 416 1261 473 Atqui
1291 417 1328 458 si
1360 432 1466 461 vera

70 484 73 485 ⁷
113 494 233 538 tradi
256 509 279 536 a
304 494 492 537 Polluce
514 503 557 532 et
580 488 938 546 Harpocratione
962 500 1201 544 putemus,
1231 492 1340 530 haec
1361 504 1467 531 om-

113 567 194 610 nia
235 562 433 612 nemini,
476 560 565 604 nisi
589 573 708 618 ὅΡοεῑ
738 572 944 602 exactum
975 575 1146 601 anuum
1178 558 1469 616 vigesimum3

114 638 300 681 licuisse
324 647 575 678 statuamus
598 647 781 676 necesse
809 643 890 674 est.
942 631 1060 673 Dein
1088 634 1315 686 Lycurgus
1349 644 1468 687 quo-

114 715 261 769 que²²)
298 706 553 750 locutiones
595 709 756 762 ἔφηβον
787 707 1022 761 γίγνεσθαι,
1063 700 1094 750 ἰ,
1136 717 1172 744 e.
1208 702 1467 745 octodecim

113 795 259 824 annos
290 791 445 821 natum
479 793 596 827 esse,
641 786 685 818 et
727 779 786 826 εἰς
823 775 868 819 τὸ
900 773 1159 831 ληξιαρχικὸν
1188 782 1466 831 γραμματεῖον

114 851 402 910 ἐγγράφεσθαι
433 849 494 891 ita
525 847 778 904 conjungit,
812 858 865 889 ut
893 846 1017 888 idem
1047 857 1287 902 utramque
1317 848 1468 890 valere

117 933 338 980 appareat.
409 919 642 975 Denique,
684 929 736 959 ut
779 920 868 959 hoc
906 931 1086 974 quoque
1115 918 1301 967 addam,
1343 919 1466 975 apud

112 994 523 1042 Demosthenem2³)
553 987 832 1031 Mantitheus
857 986 1042 1045 quidam
1070 998 1234 1036 narrat,
1265 1003 1312 1030 se
1334 1000 1467 1031 octo·-

115 1059 262 1106 ‹iecim
284 1076 425 1105 annos
449 1072 622 1111 natum,
643 1074 831 1103 uxorem
858 1059 1050 1102 duxisse.
1098 1058 1275 1117 Quodsi
1306 1060 1355 1102 id
1385 1075 1466 1102 ae-

113 1135 221 1178 tatis
251 1132 597 1176 matrimonium
637 1133 899 1173 contrahere
928 1130 1106 1189 potuit,
1149 1131 1339 1173 dubium
1369 1146 1469 1174 non

115 1219 200 1258 est,
222 1206 334 1265 quin
355 1204 475 1246 inter
496 1202 619 1245 viros
642 1217 826 1259 quoque
859 1204 1015 1246 eadem
1042 1212 1184 1246 aetate
1209 1202 1353 1260 recipi
1379 1219 1469 1260 po-,

165 1306 225 1349 21)
250 1305 455 1340 Demosth.
467 1304 508 1339 in
518 1316 574 1339 or.
587 1317 615 1338 1.
629 1303 670 1338 in
687 1303 833 1349 Aphob.
848 1316 885 1350 p.
902 1309 984 1349 8²4²
1003 1309 1145 1347 narrat,
1167 1315 1206 1338 se
1217 1309 1358 1350 apatre
1377 1304 1467 1338 reli-

117 1372 223 1413 ctum
233 1377 317 1402 esse
339 1371 582 1411 septennem,
601 1366 669 1399 sub
690 1366 812 1400 tuteta
831 1372 960 1400 autem
979 1365 1096 1399 fuisse
1119 1377 1237 1399 annos
1260 1365 1404 1407 decem,
1426 1377 1462 1411 p.

113 1432 199 1472 815.
209 1426 260 1460 in.
285 1427 484 1462 Rotundos
494 1437 673 1460 numeros
686 1426 806 1470 ponit,
821 1437 908 1460 cum
915 1426 1017 1460 haud
1029 1426 1141 1460 dubie
1154 1433 1192 1460 et
1202 1427 1348 1472 aliquot
1356 1438 1466 1460 men-

115 1487 218 1521 sibus
231 1488 353 1528 maior
361 1486 478 1520 fuerit
485 1486 700 1531 septennio,
718 1498 806 1520 cum
819 1492 930 1531 patre
941 1487 1094 1520 orbatus
1107 1492 1176 1529 est,
1204 1493 1243 1520 et
1257 1487 1324 1520 sub
1342 1487 1468 1522 tutela

115 1547 236 1582 fuerit
247 1546 383 1581 itidem
392 1546 586 1580 mensibus
603 1546 751 1592 aliquot
768 1546 923 1589 diutius,
949 1558 1063 1592 quam
1085 1547 1323 1581 decennium.
1351 1549 1468 1582 Nam-

119 1609 248 1654 quein
258 1612 350 1642 orat.
363 1618 390 1641 1.
406 1618 438 1640 c.
453 1606 614 1640 Onetor.
628 1619 662 1651 p.
676 1607 756 1646 868.
771 1606 875 1650 dicit,
899 1618 939 1641 se
950 1607 1054 1642 inter
1062 1608 1160 1642 viros
1171 1615 1369 1653 receptum
1380 1620 1468 1644 esse

119 1669 344 1714 statimpost
354 1666 503 1712 Aphohi
519 1665 658 1700 tutoris
677 1667 841 1712 nuptias,
863 1678 960 1713 quae
976 1668 1102 1703 factae
1120 1669 1384 1714 sintPolyzelo
1407 1681 1469 1704 ar·-

119 1729 273 1772 chorae,
295 1739 429 1762 mense
441 1727 800 1773 Scirrhophorione,
819 1728 884 1774 qui
903 1729 992 1764 anni
1003 1730 1121 1764 Attici
1140 1736 1354 1775 postremus
1369 1737 1466 1766 erat.

91 1784 94 1793 ¹
117 1791 150 1824 A
166 1789 356 1824 Dexitheo
377 1795 518 1833 autem,
530 1800 606 1835 quo
619 1787 804 1823 archonte
814 1795 925 1824 natus
948 1791 1310 1833 estDemosthenes,
1335 1792 1382 1825 ad
1395 1795 1470 1826 Po-

121 1850 389 1897 lyzelumanni
407 1855 495 1884 sunt
508 1851 653 1885 XVIIL
676 1851 845 1894 Apparet
861 1850 992 1895 igitur,
1013 1851 1116 1897 quod
1135 1852 1223 1896 dixi,
1237 1853 1470 1888 Demosthe-

118 1921 225 1954 nem,
252 1921 340 1944 cum
355 1911 485 1944 XVIII
498 1922 619 1945 annos
631 1914 751 1954 {natus
767 1918 881 1955 esset,
907 1912 1011 1947 inter
1028 1913 1128 1947 viros
1148 1919 1351 1957 receptum
1371 1924 1467 1948 esse-

123 1971 183 2006 Cf.
197 1971 342 2006 Corsin.
353 1972 392 2004 F.
406 1973 448 2005 A.
461 1972 560 2005 Diss.
572 1973 638 2006 XI.
652 1978 715 2007 no.
729 1973 761 2007 6.
779 1974 825 2007 In
836 1979 930 2008 orat.
947 1986 978 2008 1.
993 1985 1024 2008 c.
1038 1973 1200 2008 Onetor.
1214 1985 1251 2019 p.
1268 1975 1347 2014 868.
1363 1975 1468 2020 dicit,

124 2032 168 2066 se
179 2031 282 2065 inter
293 2032 392 2066 viros
406 2039 606 2077 receptum
617 2044 699 2068 esse
709 2034 905 2069 Archonte
914 2034 1189 2080 Cephisodoro‚
1209 2035 1274 2081 qui
1291 2043 1372 2070 erat
1382 2043 1471 2082 post

121 2092 370 2136 Dexitheum,
393 2103 470 2138 quo
493 2092 621 2137 Arch„
643 2094 710 2129 sed
729 2095 776 2130 ad
801 2095 921 2130 finem
937 2096 1038 2138 anni,
1057 2101 1168 2130 natus
1187 2101 1246 2130 est
1264 2097 1469 2131 Demosth-

126 2152 216 2197 (vid.
229 2152 390 2195 Becker,
401 2154 513 2188 Dem.
526 2155 580 2188 als
591 2156 767 2192 Staatsm.
779 2169 814 2192 u.
827 2157 995 2200 Reduer,
1014 2169 1052 2202 p.
1063 2159 1115 2203 7).
1139 2157 1309 2193 decimus
1331 2170 1467 2193 nonus.

124 2213 385 2258 consequitur
394 2225 502 2259 ergo,
520 2216 690 2252 nondum
709 2218 882 2264 explesse
898 2217 1099 2252 Demosth.
1119 2218 1259 2252 XVIII.
1279 2230 1472 2255 annorum

124 2279 305 2316 aetatem,
323 2283 412 2308 cum
439 2275 540 2308 inter
557 2275 655 2311 viros
675 2285 852 2324 receptus
872 2283 941 2313 est.
967 2278 1062 2312 Falli
1078 2285 1217 2314 autem⁴
1236 2291 1314 2322 eos,
1345 2281 1411 2327 qui
1430 2280 1471 2315 id

124 2335 200 2376 iam
223 2335 400 2379 Poiyzelo
419 2335 547 2378 Arch„
570 2337 634 2382 q’ui
655 2339 956 2385 Cephisodorum
976 2340 1194 2384 praecessit,
1223 2340 1369 2376 factum
1388 2353 1473 2377 esse

106 2400 275 2450 putant,
299 2397 515 2431 accuratior
533 2399 823 2437 Demosthenici
846 2400 924 2436 loci
950 2399 1068 2435 lectio
1098 2401 1282 2447 quemvis2
1302 2401 1468 2437 docebit.

127 2455 188 2490 Cf.
210 2456 358 2492 eorsin.
381 2459 480 2494 Fast.
498 2460 575 2494 Att.
597 2460 698 2495 Diss.
720 2461 785 2496 XI.
804 2472 866 2496 no.
887 2461 921 2496 6.

171 2525 232 2569 22)
258 2527 306 2560 In
329 2527 506 2564 Leocrat.
533 2541 572 2575 p.
603 2535 679 2577 189.
706 2530 753 2565 R.
781 2540 857 2576 155.
884 2531 1066 2576 Hauptm.
1114 2527 1241 2568 Ἐστὶν
1265 2526 1392 2576 ὅρκος,
1427 2527 1472 2566 {1¹2-

128 2581 303 2629 ὄμνῦουσι
321 2585 455 2624 πάντες
471 2586 512 2624 οἶ
526 2588 694 2632 πολῖται,
720 2590 874 2628 ἐπειδάν
893 2589 942 2629 εἰς
962 2590 1008 2629 τό
1033 2590 1271 2639 ληξιαρχικὰ
1293 2604 1470 2639 γραμμα-

123 2645 226 2681 τεῖον
244 2644 475 2694 ἔγγραφαῗσιν
496 2655 558 2687 καὶ
586 2651 720 2698 ἔφηβοι
746 2656 938 2701 γένωνται.

166 2707 225 2750 23)
253 2708 321 2742 Or.
349 2708 390 2745 in
414 2711 549 2747 Boeot.
581 2712 628 2748 de
653 2713 756 2754 dote,
781 2724 818 2759 p.
842 2725 944 2759 ¹009·
