1706 3058
1354 84 1435 132 563

111 218 204 245 non
235 216 288 244 ex
317 199 487 258 generis
516 198 772 247 nobilitate,
813 199 889 240 sed
921 213 945 240 e
976 211 1133 240 census
1162 195 1442 253 magnitudi-

112 289 171 316 ne
200 278 295 326 jura
327 274 489 328 cuique
520 285 598 311 sua
630 282 673 311 et
705 269 855 312 officia
881 268 1189 313 definirentur.
1250 271 1316 310 Ita
1339 271 1444 311 clas·

112 345 236 386 sibus
269 360 292 386 e
323 358 459 386 censu
489 341 736 398 institutis,
776 340 987 384 ordinum
1020 340 1264 382 discrimen
1298 340 1445 381 aboli-

112 427 211 457 tum
243 427 331 464 est,
380 426 426 456 et
454 412 643 456 nomina
676 427 852 470 quoque
874 412 967 469 ipsa
988 411 1215 469 paullatim
1240 413 1446 470 usurpari

113 487 354 529 desierunt.

197 576 358 629 *Neque
389 583 537 613 tamen
568 570 630 612 sic
662 568 922 611 existumari
962 579 1161 625 oportet,
1209 581 1310 626 post
1338 573 1447 613 latas

113 658 138 686 a
167 647 333 687 Solone
362 645 478 699 leges
499 644 684 698 plenum
706 641 857 684 statim
888 641 1101 683 libertatis
1132 645 1199 693 jus
1228 658 1251 684 a
1280 647 1448 701 populo

114 727 402 772 usurpatum,
461 728 748 770 omnemque>
795 712 1143 769 Eupatridarum
1200 715 1450 772 potentiam

113 787 293 844 penitus
315 789 533 829 sublatam
555 800 658 828 esse.
713 784 895 828 Etenim
919 799 1033 840 quae
1064 796 1153 828 tam
1183 786 1310 844 longi
1343 798 1450 829 tem·
1503 781 1506 783 ’

115 857 236 914 poris
263 873 345 900 usu
368 857 677 899 inveterarunt
709 856 757 897 in
780 855 1021 911 republica,
1056 872 1104 898 ea
1125 860 1285 909 solent,
1316 858 1452 901 etiam

115 929 298 971 mutatis
338 929 534 986 legibus,
574 943 696 971 more
739 940 888 969 tamen
930 939 973 968 et
1005 929 1336 971 consuetudine
1369 930 1455 972 ali—

117 1000 336 1056 quamdiu
365 1000 554 1042 retineri
596 1012 639 1042 et
669 998 906 1042 observari.
968 1000 1110 1054 Atque
1140 1002 1211 1041 vel
1243 1001 1338 1058 ipsa
1368 1002 1455 1044 tri-

116 1073 260 1114 buum
302 1071 567 1128 descriptio,
606 1087 737 1128 quam
771 1072 909 1114 Solon
948 1067 1164 1111 intactam
1196 1072 1452 1129 reliquerat,

117 1143 374 1185 facultatem
407 1143 637 1185 nobilibus
682 1144 837 1190 dabat,
879 1155 982 1182 cum
1014 1156 1094 1196 per
1122 1143 1238 1198 leges
1270 1145 1455 1201 reliquis

117 1214 296 1256 civibus
328 1214 507 1270 aequati
539 1225 709 1262 essent,
752 1212 892 1271 gratia
925 1222 1072 1253 tamen
1106 1224 1149 1254 et
1181 1214 1454 1259 factionibus

117 1286 419 1342 praevalendi.
480 1286 682 1339 Idcirco,
722 1282 1057 1341 quadragesimo
1098 1297 1202 1339 post
1242 1289 1457 1330 Solonem

118 1373 261 1408 anno,
312 1357 588 1406 Clisthenes,
641 1357 737 1414 ipse
769 1354 951 1412 quidem
985 1355 1226 1411 patricius,
1267 1360 1342 1399 sed
1372 1375 1456 1416 po·-

118 1428 284 1487 pularis
326 1429 467 1485 partis
505 1430 673 1481 fautor,
722 1442 827 1469 cum
873 1426 1158 1468 nobilitatem
1208 1428 1456 1483 deprimere

120 1512 251 1558 atque
281 1499 330 1542 in
361 1499 566 1542 ordinem
598 1513 756 1555 cogere
787 1498 997 1546 studeret,
1028 1498 1226 1554 primum
1253 1502 1456 1544 omnium

121 1585 319 1616 veterem
359 1572 481 1614 illam
526 1569 877 1626 descriptionem
930 1570 1150 1619 abolevit,
1200 1586 1457 1631 novamque

119 1657 165 1688 et
194 1647 325 1702 plane
357 1644 578 1685 diversam
612 1639 837 1693 instituit,
881 1640 1047 1698 quippe
1076 1644 1200 1684 nulla
1238 1659 1284 1686 re
1315 1646 1458 1702 magis

121 1718 266 1775 frangi
298 1714 649 1771 Eupatridarum
689 1710 807 1754 vires
840 1726 966 1767 posse
998 1711 1269 1770 intelligens.
1329 1719 1461 1760 Hanc

123 1790 246 1833 enim
288 1783 556 1829 mutationis
596 1785 649 1824 ab
693 1797 746 1824 eo
795 1783 937 1825 factae
981 1799 1159 1826 causam
1198 1787 1460 1830 Aristoteles

122 1861 375 1912 indicat³⁹)‚
405 1855 628 1898 veriorem
661 1868 789 1903 sane,
825 1870 958 1912 quam
990 1858 1333 1915 Herodotus⁴⁰),
1380 1859 1460 1916 qui

124 1943 357 1990 propterea
387 1938 600 1970 novatam
629 1925 787 1983 populi
819 1926 1167 1983 descriptionem
1193 1943 1287 1971 esse
1315 1942 1458 1986 putat,

126 2003 247 2061 quod
282 1999 510 2056 dedignati
543 1998 633 2040 sint
663 1997 954 2040 Athenienses
986 1999 1145 2041 iisdem
1178 2011 1312 2057 atque
1341 2002 1460 2044 Ioni·

127 2089 203 2117 cae
244 2071 449 2114 civitates
501 2070 701 2112 tribuum
745 2069 1008 2112 nominibus
1056 2083 1098 2113 et
1145 2087 1334 2114 numero
1375 2074 1461 2118 uti.

129 2144 386 2189 Clisthenes
425 2141 563 2198 igitur
602 2140 802 2197 primum
841 2156 1019 2183 omnem
1068 2158 1223 2200 agrum
1262 2144 1461 2188 Atticum

131 2217 181 2258 in
211 2227 394 2258 centum
424 2225 568 2270 partes
599 2212 770 2264 divisit,
803 2229 910 2271 quas
942 2214 1098 2270 δήμους
1126 2214 1312 2271 dixit⁴¹).
1371 2220 1461 2261 Has

180 2389 242 2433 39)
268 2386 417 2421 Politic.
446 2387 510 2420 VI.
538 2398 615 2432 cap.
641 2398 674 2431 4.

180 2479 240 2523 40)
267 2478 350 2512 Lib.
377 2478 421 2513 V.
460 2490 539 2525 cap,
577 2480 633 2525 69,

183 2571 241 2615 41)
279 2567 410 2616 Δήμων
443 2583 585 2607 nomen
615 2571 716 2606 haud
752 2572 865 2607 dubie
898 2572 1011 2618 longe
1034 2574 1106 2610 fuit
1142 2575 1338 2612 Clisthene
1370 2580 1462 2615 anti-

139 2631 270 2678 quius,
307 2644 430 2679 eoque
464 2633 675 2679 appellatae
709 2641 795 2670 sunt
821 2635 901 2681 agri
925 2636 1039 2671 Attici
1069 2643 1221 2683 partes,
1262 2639 1349 2685 quia
1373 2640 1464 2676 olim
