1706 3058
1329 120 1405 177 147

0 222 2 224 ’
67 241 92 270 a
134 225 457 274 Demosthene,
505 227 594 276 jam
635 224 758 264 nulla
800 223 893 265 fere
931 234 1067 266 restat
1100 225 1232 277 hujus
1271 236 1406 283 atque

66 296 190 340 tertii
222 295 398 354 generis
423 292 785 350 Psephismatum
807 293 1052 344 diversitas,
1083 295 1130 337 id
1164 297 1286 352 quod
1314 292 1403 349 jam

65 383 195 425 supra
236 366 393 416 innui,
444 380 547 407 cum
587 363 810 412 dicerem,
861 366 1079 408 leviorem
1135 382 1228 409 esse
1270 368 1404 414 istam

65 436 390 490 mutationem,
431 452 543 493 quae
586 436 855 493 Olympiade
896 436 1075 478 circiter
1106 439 1255 486 CXIV.
1287 439 1401 483 facta

64 524 157 551 esse
208 508 483 567 videretur„
511 523 647 566 quam
689 508 788 567 quis
835 507 983 564 primo
1022 509 1238 565 adspectu
1278 511 1400 554 arbi-

63 592 125 624 tra
131 591 261 624 retur·

453 861 569 913 CA
596 864 642 912 P
679 867 726 913 U
756 864 802 912 T
841 861 1001 913 XIIL

290 975 375 1020 De
435 976 707 1019 Comitiis
768 972 1162 1020 dimittendis·

141 1137 331 1184 Peractis
366 1135 575 1182 omnibus
605 1143 762 1190 rebus,
804 1155 992 1197 quarum
1033 1156 1164 1184 causa
1194 1139 1395 1199 popujus

55 1221 338 1271 convenerat,
373 1211 716 1253 dimittebantur
735 1210 918 1253 comitia
941 1214 993 1253 ab
1026 1211 1205 1260 iisdem,
1239 1227 1262 1254 a
1293 1213 1392 1270 qui⁴

52 1285 135 1326 bus
166 1294 407 1325 convocata
439 1284 635 1333 fuerant,
665 1281 956 1336 Prytanibus,
998 1299 1077 1340 per
1106 1299 1393 1340 praeconem.

50 1358 114 1398 Ita
145 1355 461 1411 Aristophanes
499 1353 546 1394 in
579 1353 941 1396 Acharnensibus
983 1369 1255 1411 praeconem
1285 1356 1394 1401 facit

53 1425 300 1468 dicentem:

145 1495 237 1533 Tude
262 1485 407 1543 Θρξίκας
431 1493 603 1538 ἐπιέναι,
629 1497 806 1541 παρεῖναι
830 1494 863 1531 δ’
883 1490 934 1532 εἷς
959 1491 1063 1541 ξ’νὴν·

145 1557 184 1594 οἶ
206 1555 274 1604 γάρ
299 1555 505 1602 Πρυτάνεις
527 1553 651 1593 λέουσι
675 1553 744 1600 τήν
767 1555 960 1601 ἐκκλησίαν
971 1558 1021 1601 ¹).

49 1632 129 1684 Sin
162 1633 217 1673 ad
249 1628 396 1673 omnia
439 1631 687 1684 peragenda
728 1644 846 1671 unus
889 1629 984 1673 dies
1027 1646 1120 1677 non
1150 1636 1388 1693 sufficeret,

49 1707 224 1746 duobus
263 1713 588 1755 nonnunquam
620 1698 776 1742 diebus
816 1702 1046 1746 continuis
1089 1707 1276 1751 comitia
1306 1713 1388 1753 ha..

47 1772 322 1830 bebantu12).
414 1774 584 1827 Atque,
651 1769 769 1814 sieut
840 1776 962 1830 apud
1009 1779 1263 1830 Romanos,
1321 1782 1388 1825 ita

0 1866 5 1870 >
47 1846 166 1902 apud
205 1840 497 1885 Athenienses
540 1856 721 1898 quoque
762 1844 880 1886 haud
925 1847 1064 1889 dubie
1104 1851 1228 1892 nefas
1276 1865 1387 1909 erat,

45 1925 148 1970 post
178 1913 285 1958 solis
315 1929 523 1957 occasum
557 1928 662 1955 cum
693 1917 863 1971 populo
894 1931 1044 1974 agere3
1085 1920 1232 1963 coibat
1264 1935 1386 1966 certe

45 1988 240 2044 populus
269 2000 502 2042 nunquam
533 2000 626 2026 non
658 1985 881 2028 matutino
912 1998 1135 2046 tempore,
1177 2007 1269 2034 non
1302 1995 1384 2036 diu

44 2069 147 2115 post
177 2055 282 2099 solis
315 2059 535 2108 ortum³)‚
568 2055 773 2114 illudque
798 2069 974 2114 tempus
995 2060 1288 2106 comitiorum
1320 2067 1382 2106 le-

45 2128 256 2187 gitimum
289 2130 406 2186 apud
437 2142 590 2169 ornnes
624 2130 810 2170 Graecos
842 2128 983 2171 fuisse
1006 2129 1199 2178 videtur.
1262 2138 1382 2178 Nam

45 2203 269 2242 Homerus
301 2213 495 2256 quoque,
529 2213 634 2240 cum
652 2200 1032 2257 Agamemnonem
1062 2214 1106 2245 et
1122 2207 1381 2248 Menelaum

94 2317 128 2359 ι)
156 2313 317 2351 Acharn.
343 2330 378 2352 v.
420 2330 495 2364 171.
534 2313 632 2352 λῦειν
663 2323 702 2351 et
735 2313 895 2355 ὃιαλῦειν
918 2320 987 2366 τήν
1011 2319 1203 2367 ἐκκλησίαν
1224 2324 1382 2368 propria

44 2375 116 2411 hac
141 2377 178 2410 in
206 2389 249 2412 re
271 2385 360 2412 sunt
388 2379 512 2414 verba.
541 2390 576 2415 v.
603 2377 794 2423 Aristoph.
828 2380 974 2416 Eccles.
1007 2391 1087 2429 377.
1121 2383 1295 2419 Aeschin.
1331 2385 1381 2420 de

43 2437 128 2471 fals.
155 2437 228 2482 leg.
265 2451 300 2484 p.
329 2441 407 2476 262.

93 2507 128 2549 2)
155 2506 329 2541 Aeschin.
358 2507 405 2542 de
429 2505 512 2542 fals.
538 2508 613 2554 leg.
647 2519 683 2553 p.
712 2520 790 2554 243.
817 2509 898 2543 adv.
925 2509 1159 2557 ctesiphont.
1187 2522 1223 2556 p.
1249 2516 1331 2556 458.

90 2589 127 2634 3)
154 2588 345 2635 Aristoph.
371 2590 647 2636 Thesmophor.
676 2604 709 2626 v.
737 2602 818 2639 375.
844 2593 1051 2631 Ecclesiaz.
1076 2608 1111 2631 v.
1149 2599 1206 2640 85.
1233 2601 1273 2630 et
1297 2605 1374 2641 290‘

46 2650 205 2686 Acharn.
232 2663 267 2686 v.
303 2662 357 2686 20.

980 2712 1072 2758 Le
