1706 3058
1401 167 1475 195 xxi

145 255 274 314 rique
298 262 391 310 eJ'us
416 256 624 298 factionis
660 272 754 299 rem
788 258 979 314 aggressi
1007 271 1125 303 sunt.
1185 263 1337 309 Plebs,
1370 275 1472 303 cum

144 330 224 370 alia
248 330 366 370 nulla
385 327 538 370 salutis
559 343 655 383 spes
680 331 1008 378 ostenderetur,
1037 331 1170 373 simul
1192 347 1282 373 non
1301 331 1471 374 diutur-

145 416 249 442 nam
282 401 377 442 fore
401 399 701 441 mutationem
727 399 919 448 confisa,
955 403 1156 457 quamvis
1178 403 1345 450 invita,
1380 414 1469 444 tan-

145 474 245 513 dem
265 471 492 513 consensit
508 507 517 523 ,
548 472 774 528 creatique
797 483 903 512 sunt
915 473 1176 522 decemviri,
1204 475 1282 531 qui
1308 489 1471 517 novam

141 542 416 600 reipublicae
435 546 624 585 formam
651 542 964 585 describerent.
1020 545 1078 585 Hi
1102 545 1241 602 igitur
1272 547 1472 604 primum

143 617 354 658 creandos
386 626 598 656 curarunt
627 615 825 671 quinque
857 615 1000 665 viros,
1043 630 1064 656 a
1101 617 1259 672 quibus
1295 633 1471 660 rursum

144 698 326 728 centum
356 687 432 727 alii
465 698 739 736 crearentur,
772 700 960 741 quorum
990 687 1158 744 singuli
1192 701 1338 731 ternos
1382 690 1470 731 sibi

143 769 411 814 cooptarent.
470 761 540 799 Ita
569 757 764 799 confecti
800 757 1141 815 quadringenti,
1176 776 1367 816 quorum
1398 777 1471 803 ar·

140 829 278 872 bitrio
311 830 546 870 universae
582 827 853 883 reipublicae
885 831 1211 873 administratio
1242 832 1482 888 permitti--

142 915 230 944 tur.
292 904 495 942 Mutatur
522 899 726 941 omnium
755 900 1098 957 magistratuum
1125 903 1263 952 ratio,
1306 905 1471 948 dissol-

138 974 260 1015 vitur
302 971 654 1027 quingentorum
697 982 900 1019 senatus,
951 972 1270 1024 constituitur,
1313 989 1362 1018 ut
1415 981 1469 1019 ad

139 1042 343 1089 comitia,
377 1041 414 1082 si
445 1056 528 1096 qua
559 1041 710 1082 haberi
738 1056 848 1098 opus
885 1043 966 1092 sit,
1000 1059 1092 1085 non
1135 1060 1288 1091 omnes
1327 1048 1466 1098 cives,

137 1117 216 1157 sed
242 1113 480 1170 quinquies
502 1112 641 1160 mille,
675 1123 717 1153 et
741 1127 876 1155 censu
897 1116 1016 1156 haud
1046 1114 1222 1172 exiguo,
1257 1127 1299 1156 et
1324 1130 1467 1159 cetera

136 1201 314 1245 quoque
338 1184 447 1226 huic
467 1199 614 1225 rerum
635 1183 766 1226 statui
792 1185 957 1234 idonei,
991 1199 1321 1229 convocenturt
1353 1203 1467 1229 mer·

137 1261 291 1307 cedem
312 1271 455 1312 neque
477 1255 777 1312 magistratus,
804 1258 1147 1313 nequejudices‚
1183 1273 1328 1314 neque
1351 1259 1467 1301 alius

135 1330 387 1387 quisquam,
417 1339 590 1383 praeter
609 1328 774 1370 milites
788 1328 1059 1385 accipiat..--
1090 1333 1210 1371 Haec
1222 1332 1469 1386 prudenter

133 1416 240 1444 sane
261 1413 304 1442 ct
319 1400 554 1442 commode
572 1399 838 1456 excogitata3
867 1402 945 1442 sed
962 1400 1278 1443 brevissimum
1293 1414 1466 1459 tempus

134 1475 361 1516 durarunt.
422 1472 502 1516 Vix
524 1470 646 1513 enim
669 1483 860 1528 quatuor
885 1488 1063 1515 menses
1102 1473 1327 1523 abierant,
1360 1490 1466 1516 cum

130 1546 338 1600 populus,
363 1543 577 1600 quoniam
593 1558 739 1598 neque
760 1558 911 1599 pacem
933 1545 1047 1592 fieri,
1066 1556 1107 1585 et
1124 1544 1466 1600 quadringentos

133 1613 491 1657 dominationem
514 1614 713 1655 acerbius
736 1630 937 1656 exercere
960 1615 1162 1663 videbat,
1195 1615 1465 1658 imminutae

131 1686 301 1729 diutius
326 1684 542 1726 libertatis
563 1680 805 1740 impatiens
833 1697 875 1727 et
894 1701 1136 1742 paucorum
1162 1686 1341 1742 imperii
1369 1704 1465 1743 per-

130 1770 291 1805 taesus,
324 1756 424 1797 illos
449 1755 653 1797 abdicare
676 1755 835 1812 coegit,
862 1758 1061 1814 quinque
1079 1757 1274 1799 millibus
1298 1771 1462 1807 autem,

131 1845 287 1872 eorum
306 1826 495 1884 quisuis
527 1841 573 1867 se
606 1826 830 1868 sumtibus
852 1843 1019 1870 armare
1050 1841 1254 1885 possent,
1289 1845 1462 1886 rempu-

129 1900 295 1944 blicam
317 1898 664 1948 commiserunt;
685 1913 789 1940 nam
808 1900 974 1955 priores
994 1901 1060 1942 illi
1081 1901 1319 1959 quinquies
1341 1902 1464 1948 mille

129 1987 225 2014 non
243 1987 313 2019 re,
343 1972 419 2011 sed
450 1969 635 2011 nomine
658 1981 835 2013 tantum
864 1974 1050 2015 fuerant.
1088 1975 1217 2016 Plura
1238 1985 1465 2029 praeterea

130 2041 468 2087 constituerunt
494 2043 549 2081 ad
569 2042 842 2084 firmandum
871 2043 1067 2086 civitatis
1090 2056 1280 2096 statum3
1313 2045 1465 2102 itaquo

131 2112 311 2171 egregio
332 2112 450 2153 inter
469 2127 630 2167 paucos
660 2115 929 2173 plebemque
958 2127 1308 2172 temperamento
1341 2119 1461 2158 salu—

129 2184 268 2232 briter
315 2182 588 2241 aliquamdiu
641 2175 892 2240 respublica
942 2188 1245 2236 administrata
1257 2189 1305 2238 *)
1373 2191 1462 2231 Sed

128 2268 231 2314 post
253 2253 475 2313 proelium
500 2256 555 2301 ad
572 2257 713 2312 Aegos
732 2258 900 2298 flumen
926 2269 1160 2318 captasque
1183 2274 1205 2300 a
1234 2261 1459 2312 Lysandro

128 2330 339 2376 Athenas,
381 2342 556 2371 rursum
577 2339 743 2369 mutata
772 2328 1036 2384 respublica,
1072 2330 1454 2372 Lacedaemonio-

130 2414 230 2441 rum
264 2403 409 2451 jussu,
448 2398 652 2454 populari
681 2398 868 2458 imperio
897 2415 1070 2458 semper
1107 2401 1459 2460 infestorum**).

175 2523 210 2564 ')
236 2522 406 2566 Thucyd.
435 2524 540 2565 VIH.
567 2536 599 2563 c.
626 2537 682 2571 97¹.

178 2605 230 2645 Η)
258 2605 384 2641 Etiam
403 2613 490 2641 ante
509 2614 654 2651 captam
674 2620 695 2641 a
713 2609 1021 2645 Lacedaemoniis
1044 2612 1178 2646 urbem
1191 2611 1372 2660 quaedam
1392 2623 1457 2645 no-

228 2672 312 2703 vata
341 2673 438 2705 sunt,
488 2669 625 2706 Narrat
654 2668 758 2706 enim
789 2670 942 2714 Lysim,
977 2672 1017 2708 in
1045 2673 1282 2707 Eratosthen.
1319 2683 1354 2717 p.
1380 2683 1458 2717 4¹²2
