1706 3058
1352 119 1436 164 299

121 204 238 247 visse
268 204 393 256 dicit,
424 206 496 249 his
520 206 667 248 verbis
700 223 747 248 ea
779 208 928 250 omnia
953 209 1277 266 compiectitun
1310 228 1439 269 quae-

122 290 298 333 cunque
328 288 497 334 praeter
526 277 610 326 illa,
645 293 756 334 quae
785 291 884 320 ante
914 279 1183 322 nominatim
1214 281 1438 325 indicave-

120 358 205 398 rat,
236 350 289 389 ad
320 348 588 405 reipublicae
619 349 1049 392 administrationem
1069 351 1307 406 pertinent.
1366 358 1438 396 At-

118 431 206 473 que
246 422 403 461 eodem
453 421 588 462 modo
631 419 766 462 etiam
815 421 1049 463 Aeschines
1098 424 1325 478 loquitur:
1377 425 1439 467 ait

120 490 263 541 enim,
294 494 435 549 legem
466 493 643 546 jubere,
674 493 838 535 ἐπειδᾶν
867 491 911 535 τὸ
941 492 1169 547 καθάρσιον
1199 503 1443 555 περιενεχθῇ

119 564 190 604 καὶ
226 560 249 606 ὅ
278 563 405 618 κήρυξ
433 562 504 613 τὰς
532 566 726 618 πατρίους
757 562 874 618 εὐχὰς
904 563 1084 617 εὔξηται,
1115 575 1441 620 προχειροτονεῖν

121 632 217 682 τούς
254 635 481 690 προέδρους
517 636 611 690 περὶ
653 637 774 690 ἱερῶν
810 640 891 677 ταῖν
920 638 1104 689 ’πατρίων
1144 638 1213 678 καὶ
1250 638 1440 691 κυρύκων

118 706 190 747 καὶ
217 707 423 761 πρέσβεων
452 708 521 748 καὶ
553 704 686 748 ὁσίων.
744 708 812 756 (Ιη
854 705 1077 749 Timarch.
1118 722 1160 762 p.
1198 706 1282 758 48.)
1351 711 1438 750 Sed

120 774 174 815 de
203 773 331 826 ὁσίοις
370 776 553 832 quidem
585 776 755 832 reliqua
786 788 937 819 nostra
969 777 1115 819 omnis
1147 789 1212 820 est
1242 778 1442 836 disputa-

120 845 208 894 tio;
242 861 366 889 nunc
398 849 453 889 de
483 847 614 890 sacris
645 847 915 890 videbimus.

204 917 407 961 Primum
439 919 577 976 igitur
616 921 670 960 de
700 919 829 960 novis
870 931 946 960 aut
975 920 1221 977 peregrinis
1259 923 1442 980 religio-

121 987 256 1031 nibus
287 990 582 1032 adsciscendis
613 1001 688 1032 aut
717 991 1000 1046 repudiandis
1032 992 1077 1032 in
1109 993 1306 1035 comitiis
1339 1011 1443 1037 con-

121 1059 276 1102 sultari
307 1061 494 1104 solitum
524 1077 642 1110 esse,
683 1062 945 1104 testificatur
986 1066 1213 1118 Iosephus,
1279 1071 1372 1116 Τοῖς
1402 1069 1444 1110 δὲ

120 1133 334 1190 ῥήτορσιν,
367 1132 517 1190 inquit
530 1164 542 1181 ,
581 1135 742 1187 ἐφῆκαν
780 1140 1094 1190 πολιτογραφεῖν
1134 1134 1201 1177 διὰ
1229 1139 1444 1192 ψηφισμά-

120 1223 200 1247 των
230 1207 356 1256 ξένων
383 1211 497 1248 θεῶν
527 1205 597 1248 τὸν
634 1205 920 1258 ἔπιτήδειονῆ.
978 1206 1115 1256 Cujus
1146 1204 1207 1245 rei
1240 1210 1443 1264 exemplo

123 1291 215 1318 esse
253 1278 325 1317 vel
357 1275 470 1317 illud
500 1286 669 1332 potest,
711 1277 833 1331 quod
874 1276 927 1315 de
956 1277 1199 1316 Alexandro
1240 1280 1443 1320 Deorum

122 1348 171 1389 in
202 1361 444 1390 numerum
474 1347 706 1387 referendo
747 1348 990 1388 Demadem
1029 1348 1084 1386 ad
1113 1349 1334 1402 populum
1374 1360 1454 1391 tu-

123 1419 230 1461 lisse
268 1417 478 1461 Aelianus
520 1421 736 1470 narrat⁴),
777 1429 855 1459 aut
892 1417 989 1465 illa,
1029 1433 1142 1474 quae
1181 1420 1235 1459 de
1277 1419 1445 1463 divinis

122 1488 370 1531 honoribus
401 1487 633 1529 Demetrio
665 1487 936 1530 Poliorcetae
977 1489 1158 1533 decretis
1190 1493 1309 1546 apud
1340 1494 1448 1535 Plu-

124 1563 323 1602 tarchum
356 1559 604 1615 legimus’).
662 1558 925 1615 Peregrinos
957 1571 1104 1601 autem
1135 1561 1254 1604 Deos
1285 1563 1345 1606 ita
1376 1566 1448 1606 fa-

126 1631 212 1674 cile
242 1629 789 1687 Athenienses-adsciscere
813 1632 1038 1680 solebant,
1072 1642 1120 1673 ut
1148 1633 1326 1687 jocandi
1357 1652 1445 1678 ma-

126 1702 279 1744 teriam
312 1701 496 1744 comicis
535 1702 678 1759 poetis
717 1704 1000 1758 praeberent,
1042 1704 1445 1765 Aristophanesque

126 1789 200 1830 eos
230 1773 348 1816 dicat
371 1775 528 1814 urbem
558 1788 682 1815 suam
714 1788 766 1815 ex
793 1774 976 1818 Athenis
996 1777 1242 1831 Aegyptum
1272 1780 1445 1830 fecisse,

125 1855 302 1902 propter
329 1843 644 1900 Aegyptiorum
675 1848 900 1897 Deorum,
932 1860 1041 1901 quos
1068 1849 1293 1898 colebant,
1326 1854 1447 1893 mul-

126 1915 426 1969 titudinem⁶).
485 1915 710 1970 Ejusmodi
740 1914 825 1956 Dei
856 1916 1079 1972 peregrini
1120 1930 1244 1968 sunt,
1287 1922 1362 1976 qui
1394 1926 1446 1964 ab

127 1985 350 2039 Hesychio
382 1997 707 2033 memorantur,
741 1986 999 2042 Genetyllis,
1031 1990 1309 2046 Corythalia,
1340 1996 1448 2036 Phe-

128 2071 201 2097 rea
213 2059 273 2111 ⁷),
306 2070 450 2113 neque
476 2055 627 2099 minus
655 2055 820 2099 Bendis
841 2056 927 2106 illa,
960 2060 1146 2101 Thracia
1175 2064 1281 2112 Dea,
1315 2079 1446 2122 quam

174 2212 212 2256 5)
241 2212 382 2245 Contra
406 2211 538 2256 Apion.
566 2212 616 2247 ΙΙ.
643 2223 675 2247 c.
700 2223 755 2258 55.
787 2225 844 2259 ap.
871 2213 1029 2249 Wessel.
1062 2214 1109 2249 ad
1141 2218 1254 2254 Petit.
1278 2232 1315 2266 p.
1342 2235 1398 2270 70·

174 2281 212 2324 4)
238 2281 325 2314 Var.
351 2280 493 2314 Histor.
527 2281 571 2314 V.
605 2293 683 2327 cap.
712 2294 764 2317 12.

175 2349 213 2392 5)
239 2349 312 2383 Vit.
338 2350 512 2384 Demetr.
549 2361 627 2395 cap.
664 2362 705 2385 ιο
729 2371 773 2378 -
798 2363 851 2396 13·

178 2432 215 2477 6)
241 2434 430 2479 Αἴγυπτον
453 2431 574 2469 αιῗταῖν
597 2432 665 2478 τήν
691 2433 801 2470 πόλιν
822 2433 1066 2481 πεποιήκασιν
1090 2435 1169 2475 oe’vt'
1192 2437 1378 2486 Ἀθηνιῦν.

133 2492 321 2538 Aristoph.
348 2492 481 2539 fragm.
508 2506 564 2540 ap.
591 2493 846 2539 Athenaeum,
878 2497 943 2531 IX.
977 2510 1056 2544 cap.
1089 2513 1123 2546 5.
1149 2501 1212 2536 ubi
1237 2503 1282 2538 cf.
1313 2507 1444 2541 Casan-

129 2553 264 2588 bonus.

180 2638 217 2683 7)
245 2637 301 2672 Cf.
328 2638 586 2674 Hemsterhus.
612 2639 658 2674 ad
683 2642 843 2688 Hesych.
870 2644 909 2678 in
933 2645 1016 2682 θεοὶ
1041 2644 1186 2687 ξενικοί.
1229 2689 1234 2692 ,
