1706 3058
240 149 296 190 ab

239 254 308 297 lbi
330 255 516 296 forsitan
538 256 565 294 Ι.
587 255 624 296 4.
649 252 982 296 rescribendum
1008 265 1075 296 est
1097 257 1460 310 ENAEKATEI,
1480 259 1509 303 l.
1536 273 1573 302 i.

237 338 387 369 autem
410 326 504 367 sinc
524 325 663 366 dubio
682 330 1033 369 ΛΕΟΝΤΙΔΟΣ
1049 341 1152 368 cum
1175 342 1364 368 numero
1383 329 1574 371 ordinali

236 415 277 441 v.
298 413 333 441 e.
359 403 576 441 ΤΡΙΤΗΣ.
619 398 774 440 Cetera
793 399 1029 439 emendare
1050 408 1092 440 et
1114 399 1322 455 supplere
1341 413 1462 441 nunc
1480 413 1576 442 non

235 485 436 528 possum,
465 483 637 523 neque,
667 467 705 509 si
735 482 934 524 possem,
968 483 1081 525 opus
1112 479 1241 513 esset.

323 543 410 584 Sed
440 541 494 581 ad
524 539 725 582 Petitum
756 542 902 582 redeo.
962 544 1005 581 Is
1037 555 1167 597 quam
1199 555 1407 597 perverse
1434 539 1483 583 in
1505 543 1577 584 Ul-

234 614 372 672 piano
404 611 801 668 Aristophanisque
832 611 1073 668 interprete
1104 611 1393 668 explicandis,
1429 613 1472 656 et
1503 627 1574 655 co-

233 683 487 725 mitialibus
510 694 713 725 veterum
744 683 922 724 illarum
950 687 986 724 X
1015 682 1321 740 prytaniarum
1345 685 1500 728 diebus
1523 701 1576 728 ex

231 756 290 798 iis
322 753 529 797 eruendis
561 753 720 808 egerit,
761 753 888 802 satis,
928 764 1064 809 puto,
1107 756 1459 804 demonstratum
1496 758 1601 799 est(

231 828 380 869 Mu1to
413 835 564 866 autem
584 823 837 880 perversius
858 834 902 866 et
925 823 1304 866 inconsideratius
1326 825 1372 867 in
1393 809 1574 883 {luat-tae

234 897 448 942 ecclesiae
476 895 573 945 dic,
607 900 734 948 cuius
769 898 889 951 apud
918 895 1019 937 illos
1050 896 1173 936 nulla
1198 907 1263 936 est
1281 896 1482 946 mentio,
1522 913 1576 940 ex

230 969 550 1024 Aristophanea
581 967 933 1009 Acharnensium
953 967 1098 1008 fabula
1131 968 1326 1008 eruendo
1357 980 1572 1012 versatur.

229 1045 282 1084 In
312 1041 385 1081 ina
419 1037 542 1080 enim
572 1039 779 1086 Thraces,
811 1039 867 1079 ad
897 1039 1112 1093 populum
1145 1038 1376 1093 producti,
1409 1038 1575 1082 dimis-

231 1127 280 1154 sa
309 1121 495 1166 propter
525 1113 741 1164 διοσημίαν
773 1109 1022 1157 concione,
1062 1109 1208 1151 redire
1248 1111 1462 1163 jubentur
1490 1127 1572 1170 pe-

233 1182 407 1231 rendie,
443 1186 503 1231 εἰς
534 1183 642 1235 ἕνην.
673 1185 756 1233 (vs.
794 1180 902 1237 172).

452 1267 537 1304 010179
563 1267 708 1313 Θρᾷκας
724 1265 891 1311 α’πιέναι,
917 1268 1093 1315 παρεῖναι
1116 1266 1149 1303 δ’
1170 1266 1222 1304 εἷς
1244 1267 1352 1312 ἔνην·

453 1327 494 1367 οἱ
518 1327 586 1375 γάρ
611 1327 818 1372 Πρυτάνεις
843 1323 968 1364 λύουσι
991 1327 1061 1374 τήν
1085 1329 1294 1372 ἐκκλησίαν.

229 1405 403 1451 Petitus
426 1403 579 1462 igitur,
604 1402 730 1460 quasi
755 1405 864 1444 haec
879 1417 968 1445 non
984 1410 1151 1460 apobta
1171 1402 1432 1456 joculariter
1453 1403 1571 1456 ficta,

228 1480 308 1520 sed
352 1479 405 1519 ab
444 1475 658 1517 historico
701 1474 849 1530 aliquo
899 1486 974 1517 aut
1024 1487 1199 1516 oratore
1238 1473 1354 1516 serio
1397 1488 1572 1518 narrata

225 1549 343 1598 sint,
391 1562 500 1589 cum
540 1548 656 1588 hanc
699 1546 989 1593 concionem,
1035 1556 1217 1601 propter
1254 1547 1450 1600 legatos,
1491 1545 1571 1603 qui

226 1619 611 1665 introducuntur,
643 1616 817 1658 tertiam
851 1630 902 1656 ex
933 1614 1169 1657 ordinariis
1203 1630 1298 1657 csse
1328 1627 1476 1671 putet;
1518 1633 1571 1660 ex

225 1690 327 1732 istis
356 1687 531 1731 verbis:
562 1695 753 1744 παρεῖναι
780 1685 816 1729 ‹3'
849 1690 907 1735 εἰς
937 1688 1052 1740 ἔνην,
1087 1686 1252 1742 quibus
1275 1700 1379 1728 cum
1401 1687 1570 1731 irrisio-

225 1776 286 1804 ne
327 1762 518 1816 quadam
560 1759 856 1799 amandantur
896 1759 1109 1807 Thraces,
1160 1757 1409 1814 proximae,
1453 1758 1485 1801 i.
1529 1774 1568 1801 e.

227 1842 409 1889 quartae
432 1829 645 1872 ecclesiae
666 1828 784 1870 diem
814 1827 1068 1885 legitimum
1099 1828 1339 1871 manifesto
1368 1829 1567 1873 inveniri

225 1917 357 1961 posse
385 1901 640 1948 arbitratur,
699 1904 878 1956 ltaque,
910 1913 1015 1941 cum
1036 1899 1256 1942 comicam
1289 1901 1408 1942 illam
1431 1904 1567 1944 eccle·

224 1975 341 2018 siam
370 1976 424 2016 ab
456 1976 739 2016 Lenaeorum
766 1973 901 2018 festo,
943 1985 1032 2026 quo
1063 1983 1159 2013 acta
1189 1982 1255 2014 est
1295 1973 1467 2019 fabula.
1510 1975 1565 2015 ad

221 2043 569 2103 Metagitnionis
599 2044 721 2086 diem
748 2048 788 2093 I,
825 2059 960 2100 quem
992 2043 1163 2101 primae
1192 2043 1421 2099 prytaniae
1443 2043 1564 2086 diem

222 2121 340 2162 XXX
370 2131 464 2159 esse
496 2116 605 2159 falso
639 2114 802 2165 credit,
840 2115 1068 2169 retulerit,
1097 2114 1346 2171 proximam
1379 2114 1566 2159 ecclesi-

223 2204 296 2233 am
337 2200 564 2245 quartam,
617 2189 671 2230 ad
719 2201 851 2244 quam
891 2186 1037 2228 redire
1075 2189 1314 2240 jubeantur
1354 2189 1565 2241 Thraces,

222 2259 368 2304 tribus
407 2271 509 2315 post
547 2258 731 2308 diebus,
770 2256 1002 2314 prytaniae
1041 2260 1081 2303 d.
1110 2259 1304 2300 XXXIII.
1363 2255 1563 2313 Metagi-

221 2328 397 2374 tnionis
438 2333 493 2373 lv
530 2332 779 2372 habendam
819 2328 958 2370 fuisse
996 2329 1082 2372 sibi
1126 2329 1377 2387 persuadet.
1440 2330 1562 2371 Haec

224 2402 377 2446 omnia
398 2401 658 2445 absurdiora
687 2413 815 2450 sunt,
844 2416 979 2458 quam
1012 2400 1176 2458 quibus
1208 2398 1324 2442 serio
1357 2401 1561 2442 refellen-

224 2473 295 2518 dis
334 2473 645 2519 immoremur.
715 2474 832 2516 Illud
874 2488 1019 2515 unum
1062 2484 1194 2523 noto,
1235 2485 1291 2512 ne
1333 2470 1560 2514 intellecta

221 2546 409 2604 quidem
440 2560 465 2585 a
494 2543 642 2586 Petito
672 2559 767 2588 csse
794 2544 870 2586 illa
896 2546 1029 2587 verba
1059 2547 1118 2595 εἰς
1146 2545 1267 2604 ἔνην.
1298 2555 1408 2599 quac
1441 2551 1559 2584 recte

221 2633 247 2661 a
268 2615 510 2660 Scholiasta
539 2615 840 2671 explicantur:
871 2619 930 2666 εἰς
957 2619 1105 2671 τρίτην.
1162 2615 1212 2656 ld
1245 2612 1322 2655 ille
1348 2627 1442 2655 esse
1470 2627 1559 2668 pu-

220 2688 333 2732 tavit
351 2688 529 2738 „tribus
549 2699 650 2746 post
669 2687 863 2731 diebu-5⁶⁴
887 2685 950 2730 ita
970 2697 1023 2730 ut
1042 2687 1132 2730 duo
1155 2684 1378 2739 interjecti
1397 2694 1554 2731 essent,

1702 2855 1706 2859 .
1688 2666 1706 2844 m-A-Laen-
1690 2591 1706 2654 -ᾱηὰ
1696 2559 1706 2578 :.
1696 2509 1706 2548 1:-‹
