1706 3058
303 114 384 170 274

305 220 406 262 ideo
444 218 610 261 statim
636 219 801 272 perlata
847 228 950 262 erat.
1022 220 1137 260 Nam
1181 233 1284 260 cum
1323 219 1436 263 illud
1467 222 1621 278 populi

302 290 558 346 suffragium
591 302 682 329 non
714 288 796 328 alio
829 291 1089 344 pertineret,
1131 305 1263 346 quam
1305 301 1354 332 ut
1383 294 1513 335 latori
1543 306 1623 334 co-

302 364 375 420 pia
407 364 531 404 ficret
561 360 669 415 legis
701 373 806 401 suae
837 363 951 416 apud
984 363 1273 404 Nomothetas
1293 363 1511 410 ferendae,
1542 365 1622 404 ho-

301 450 401 477 rum
442 438 527 485 jam
568 442 658 472 erat
692 442 765 472 aut
794 433 1023 482 ‚jubendae
1066 438 1156 485 ejus
1207 443 1282 474 aut
1324 431 1622 488 antiquandae

267 530 276 543 ,
304 505 623 557 arbitrium⁵³);
671 515 715 544 et
746 503 958 544 credibile
989 515 1076 553 est,
1118 506 1264 545 multo
1298 503 1472 559 saepius
1505 508 1622 557 ejus..

302 576 425 618 modi
457 574 728 630 rogationes,
763 573 872 625 juris
903 574 1256 630 aequabilitatem
1289 576 1536 621 turbantes,
1568 576 1622 616 ab

302 647 358 688 iis
389 645 641 700 repudiatas
673 659 786 693 esse,
817 660 963 700 neque
991 661 1189 701 unquam
1222 646 1317 687 aine
1349 645 1621 702 gravissimis

301 733 352 760 ac
380 715 635 770 justissimis
667 716 809 757 causis
840 727 1051 771 acceptas.
1124 715 1280 771 Quid‘.²
1322 717 1444 770 quod
1470 726 1621 758 totum

302 789 416 830 illud
453 785 770 844 praescriptum
812 784 872 825 ita
915 797 1217 841 comparatum
1260 797 1345 832 est.
1388 797 1437 828 ut
1478 802 1535 828 ne
1565 789 1622 829 acl

300 861 590 902 Nomothetas
623 855 805 911 quidem
836 859 941 898 tales
972 859 1087 912 leges
1120 871 1319 912 unquam
1355 856 1505 905 fac-ile,
1546 861 1624 909 ju-

300 942 369 972 sto
411 928 591 986 quidem
621 929 780 979 modo,
824 928 929 970 ferri
961 927 1160 984 potuisse
1200 927 1445 970 videantur.
1505 930 1653 979 Nam.

302 1017 403 1044 cum
454 1003 713 1055 plerumque
755 997 925 1039 civium
967 1000 1012 1040 in
1054 998 1236 1041 ecclesia
1289 1014 1500 1041 numerus
1550 1013 1623 1040 sex

300 1072 497 1115 millium
529 1084 749 1111 summam
783 1070 901 1109 haud
931 1068 990 1110 ita
1022 1071 1215 1111 multum
1258 1072 1468 1112 excedere
1508 1071 1623 1111 sole-

300 1156 390 1192 ret,
436 1156 538 1184 sane
578 1154 754 1197 perraro
787 1139 879 1181 fieri
909 1140 1083 1196 potuit,
1124 1154 1177 1184 ut
1217 1154 1306 1184 tam
1335 1156 1496 1198 magna
1525 1154 1621 1198 pars

299 1326 388 1348 men
414 1314 527 1347 etiam
553 1312 609 1345 his
629 1313 758 1346 locum
781 1313 910 1355 fuisse,
937 1313 1003 1346 sed
1028 1315 1086 1356 iis,
1115 1325 1204 1360 quas
1229 1315 1271 1347 in
1301 1319 1478 1348 contextu
1499 1312 1622 1358 posui,

300 1373 598 1415 conditionibus,
633 1373 843 1408 Andocides
875 1371 1004 1416 docet,
1044 1374 1089 1407 de
1113 1365 1272 1418 Myster.
1309 1386 1344 1419 p.
1383 1385 1435 1407 12.
1462 1373 1622 1407 eandem

298 1437 379 1470 sine
412 1434 524 1469 dubio
556 1434 682 1478 legem
715 1445 807 1478 prae
841 1434 958 1468 oculis
992 1434 1154 1476 habens,
1198 1446 1310 1480 quam
1344 1432 1622 1468 Demosthenes

298 1498 446 1532 laudat:
474 1493 577 1539 Μηδὲ
603 1491 658 1529 ἐπ’
685 1491 788 1540 α’νὸρὶ
813 1492 928 1540 νόμον
953 1496 1088 1538 ἐξεῖναι
1112 1496 1258 1538 θεῖναι,
1295 1495 1358 1530 ἔοὶν
1391 1492 1442 1540 μή
1467 1492 1532 1529 τόν
1556 1489 1624 1528 αὖ-

297 1558 366 1595 τόν
389 1560 450 1594 ἐπὶ
475 1557 588 1592 πᾶσιν
611 1552 848 1598 Ἀθηναίοις·
883 1555 948 1591 ἰσὶν
971 1556 1021 1601 μή
1046 1556 1297 1599 ἑξακισχιλίοις
1331 1552 1437 1602 δόξῃ,
1462 1550 1623 1598 κρύβδην

297 1621 560 1664 ψηφιζομένοις
614 1615 758 1659 Eadem
796 1628 947 1661 prorsus
988 1617 1063 1650 loci
1105 1614 1394 1651 Demosthenici
1431 1612 1622 1647 sententia

299 1679 445 1721 evadit,
472 1678 612 1711 duabus
638 1677 717 1710 istis
743 1677 886 1710 voculis
910 1678 1080 1719 insertis,
1119 1688 1213 1722 quae
1243 1688 1354 1722 quam
1385 1674 1497 1708 facile
1523 1673 1621 1707 exci-

300 1739 390 1774 dere
414 1737 627 1784 potuerint,
662 1743 726 1770 aut
750 1743 907 1781 propter
931 1737 1080 1771 easdem
1105 1750 1217 1772 voces
1241 1737 1368 1782 paullo
1394 1734 1622 1781 praeceden-

297 1806 379 1842 tes,
405 1805 468 1832 aut
493 1803 648 1843 propter
672 1797 764 1830 illud
789 1796 904 1843 τιθῇ,
939 1809 1050 1831 nemo
1086 1809 1162 1830 non
1194 1797 1308 1831 videt.
1369 1798 1501 1840 ltaque
1525 1795 1622 1828 hanc

299 1860 575 1894 correctionem
599 1857 887 1902 praeferendam
911 1864 1000 1901 puto
1024 1858 1102 1900 illi,
1139 1869 1250 1903 quam
1284 1857 1457 1892 Reiskius
1491 1855 1620 1897 suasit,

299 1922 363 1966 qui
388 1919 609 1964 ceteroquin
645 1918 815 1950 omnium
840 1918 984 1962 optime
1015 1919 1142 1952 locum
1165 1925 1335 1952 nostrum
1365 1918 1550 1952 intellexit
1582 1923 1623 1951 et

296 1981 569 2025 :interpretatus
593 1985 660 2013 est.
712 1980 749 2013 Is
773 1979 888 2024 igitur
912 1979 1032 2012 solum
1055 1993 1077 2023 η
1105 1979 1220 2012 inseri
1244 1979 1345 2021 vult;
1373 1978 1473 2024 quod
1496 1983 1538 2012 ut
1561 1988 1622 2013 re-

298 2041 474 2087 pudiem,
510 2052 554 2074 ea
586 2051 736 2085 quoque
769 2051 877 2073 causa
902 2045 977 2082 est,
1015 2039 1116 2084 quod
1149 2048 1232 2072 non*
1257 2038 1356 2084 apud
1385 2039 1622 2074 Andocidem

298 2103 441 2144 solum,
468 2101 533 2135 sed
557 2100 595 2134 in
619 2100 688 2134 hac
713 2100 792 2145 ipsa
814 2099 1082 2134 Demosthenis
1117 2099 1307 2141 oratione,
1341 2111 1377 2145 p.
1418 2109 1498 2145 715.
1522 2099 1618 2132 init.

299 2163 431 2196 similis
459 2161 646 2208 quaedam
678 2160 847 2205 exceptio
889 2161 933 2194 ab
967 2160 1102 2194 iisdem
1133 2160 1311 2194 vocibus:
1354 2157 1419 2196 ἔοὶν
1450 2159 1522 2211 μήτ
1563 2159 1620 2193 in·

236 2259 245 2270 Ι
299 2223 403 2268 cipit.

343 2292 403 2336 53)
430 2291 473 2324 Id
497 2292 668 2326 Reiskius
695 2292 837 2336 optime
859 2290 1058 2333 intent-xit,
1085 2291 1124 2324 in
1148 2301 1193 2324 eo
1218 2296 1346 2323 tamen
1366 2288 1495 2331 falsus,
1520 2287 1621 2334 quod

298 2353 437 2397 populo
468 2353 620 2398 tribuit,
663 2352 780 2397 quod,
822 2363 842 2385 e
868 2350 1014 2384 Solonis
1049 2351 1202 2397 quidem
1234 2349 1435 2393 institutis,
1480 2350 1622 2384 Nomo-

299 2412 489 2446 thetarum
513 2424 595 2446 esse
620 2412 758 2446 debuit.
813 2413 988 2445 Ceterum
1013 2417 1188 2456 apparet,
1230 2410 1358 2455 populi
1390 2411 1437 2445 de
1467 2411 1620 2456 privile-

299 2473 371 2517 giis
396 2471 688 2517 ἐπιχειροτονίαν
711 2473 814 2506 nulla
837 2472 910 2505 alia
934 2483 975 2505 re
1002 2472 1186 2506 diversam
1210 2482 1290 2505 esse
1313 2471 1358 2505 ab
1383 2471 1473 2514 ista,
1507 2482 1619 2517 quam

300 2533 347 2566 de
368 2532 504 2566 ceteris
530 2533 699 2566 omnibus
718 2532 864 2578 legibus
881 2532 964 2566 fieri
985 2533 1195 2578 oportebat,
1219 2531 1292 2565 nisi
1310 2531 1381 2565 hac
1404 2543 1491 2576 una,
1517 2531 1619 2578 quod

299 2600 424 2627 certus
457 2593 720 2639 suffragioriun
743 2604 940 2638 numeruS,
976 2605 1040 2629 sex
1060 2592 1204 2636 millia,
1238 2598 1303 2628 aut
1322 2603 1458 2638 snpra,
1491 2591 1611 2638 requi·

297 2654 460 2689 rebatur.

1653 2338 1706 2474 4
