1706 3058
258 120 336 149 212

261 209 460 253 tionibus
499 207 781 265 probabitur;
819 207 937 262 quod
977 203 1184 261 equidem
1222 217 1451 262 nunquam
1482 206 1576 249 fore
1610 227 1614 232 ·

258 279 561 340 praestiterim.
623 278 705 320 Sed
737 275 802 317 illi
831 274 1102 324 sente-miae,
1142 280 1268 328 cujus
1306 275 1575 332 Hyperidem

259 364 481 398 auctorem
512 348 668 390 Pollux
700 346 823 395 dicit,
857 359 1075 404 repugnat
1105 346 1301 403 primum
1327 347 1574 402 Harpocran»

257 423 348 471 tio,
386 422 432 460 in
478 417 726 461 oratoribus
768 417 930 459 Atticis
972 428 1067 459 ιιοιῐ
1106 431 1210 459 sane
1250 415 1399 457 minue
1440 431 1573 472 quam

256 493 412 536 Pollux
452 499 672 540 versatus,
711 489 816 540 juris
859 499 1004 529 autem
1036 499 1080 530 et
1105 487 1341 529 universae
1371 486 1574 543 antiqui-

257 561 358 603 tatis
403 560 573 600 Atticae
615 560 710 600 sine
749 557 1051 600 controversia
1090 560 1220 614 longe
1251 555 1459 613 peritior;
1504 573 1576 600 re-

255 643 424 690 pugnat
454 645 584 686 porro
615 633 958 685 Theophrastus,
987 627 1131 684 quiin
1162 629 1307 684 legum
1329 627 1576 670 Atticarum

256 702 518 760 cognitione
549 701 817 757 singularem
861 714 1038 755 operam
1080 696 1338 744 collocavit,
1384 712 1574 753 praeque

258 773 412 818 ceteris
455 771 672 813 excelluit.
741 770 956 812 Dubitare
1007 768 1145 824 igitur
1191 782 1283 808 non
1323 781 1574 824 possumus,

256 845 368 902 quin
391 842 435 884 hi
457 842 602 899 potius
624 856 753 897 quam
774 840 848 882 ille
868 851 1064 882 auctores
1084 839 1213 880 nobis
1234 839 1448 894 sequendi
1472 839 1574 883 sint.

254 920 313 959 Et
343 930 400 955 ne
431 912 529 969 quis
562 911 794 968 Hyperidis
826 911 1089 953 auctoritate
1115 923 1477 959 commoveatur,
1507 911 1574 952 ni·

256 986 321 1028 hil
353 983 448 1026 veri
481 983 667 1024 similius
696 983 895 1030 videtur,
940 996 1073 1038 quam
1116 979 1284 1020 diversa
1321 984 1576 1038 εἰσαγγελιῶν

255 1070 414 1114 genera
455 1069 478 1096 a
518 1055 699 1096 Polluce
751 1068 842 1095 non
883 1063 1000 1093 recte
1043 1049 1250 1092 distincta
1292 1064 1397 1097 esse.
1471 1056 1576 1094 Erat

255 1127 401 1176 enim,
442 1139 492 1168 ut
523 1139 652 1180 supra
683 1129 770 1176 jam
801 1122 1086 1175 monuimus,
1125 1121 1208 1163 alia
1238 1125 1481 1179 εἰσαγγελία,
1522 1124 1577 1164 de

254 1200 367 1241 mala
398 1208 657 1254 parentum,
695 1194 990 1250 epiclerorum
1031 1205 1074 1235 et
1110 1193 1382 1249 pupillorum
1416 1205 1575 1236 tracta-

255 1269 403 1316 tione,
437 1281 573 1323 eaque
604 1264 802 1320 impunis
833 1263 997 1316 actori,
1029 1263 1198 1305 etiarnsi
1233 1279 1360 1305 causa
1393 1266 1575 1310 caderet.

250 1338 400 1394 ’Ἑτέρα
430 1341 470 1382 δὲ
500 1340 721 1392 εἰσαγγελία
750 1338 901 1392 λέγεται
940 1338 1005 1378 ἐπὶ
1044 1342 1130 1385 ταῖς
1171 1335 1418 1379 κακώσεσιν·
1457 1331 1578 1380 αὗται

257 1413 302 1453 δέ
333 1413 409 1451 εἰσι
439 1410 539 1463 πρὸς
563 1406 632 1450 τὸν
663 1406 847 1462 ἄρχοντα,
879 1409 948 1449 καὶ
977 1413 1034 1465 τῷ
1064 1404 1251 1449 διώκοντι
1281 1405 1466 1461 ἀζήμιοι,
1497 1406 1575 1450 κᾶν

255 1480 311 1535 μὴ
350 1478 551 1537 μεταλάβῃ
593 1476 636 1521 τὸ
678 1479 857 1531 πέμπτον
888 1480 1006 1533 μέρος
1034 1483 1114 1520 τῶν
1143 1475 1451 1531 ψήφιι)ν“’ῑ-“’>’).>
1493 1479 1576 1523 At·

257 1565 345 1606 qne
385 1550 440 1590 ad
481 1550 593 1590 hanc
636 1546 733 1590 sine
773 1547 910 1589 dubio
955 1551 1203 1604 εἰσαγγελίαι·
1236 1547 1470 1605 Hyperidis
1500 1548 1575 1590 ille

257 1623 381 1662 locus
411 1619 646 1675 pertinuit,
678 1634 807 1675 quem
831 1619 980 1660 Pollux
1000 1617 1207 1674 imperite
1228 1621 1281 1659 ad
1312 1617 1575 1662 universum

255 1696 511 1749 εἰσαγγελιῶν
541 1704 678 1747 genus
710 1689 850 1732 traxit.
910 1689 1083 1740 Quodsi
1114 1689 1173 1729 ita
1205 1701 1291 1738 est,
1334 1703 1423 1730 uon
1454 1687 1574 1731 in'di-

257 1776 409 1818 gemus
441 1760 513 1802 illa
546 1764 820 1811 conjectura,
865 1775 976 1815 quae
1006 1762 1059 1801 ad
1093 1760 1413 1802 conciliandam
1446 1759 1575 1803 istam

256 1831 496 1888 Hyperidis
534 1842 577 1873 et
626 1829 917 1884 Theophrasti
968 1829 1287 1872 dissensionem
1333 1846 1356 1872 a
1396 1832 1575 1875 Polluce

255 1903 455 1949 affertur,
494 1900 810 1956 posterioribus
853 1901 1031 1942 demum
1075 1901 1349 1957 temporibus
1384 1916 1602 1957 poenam.

256 1972 304 2015 in
357 1974 597 2014 delatorem
647 1968 936 2013 constitutam
986 1986 1100 2020 esse,
1160 1986 1272 2027 quae
1323 1971 1571 2030 antiquitus

254 2045 373 2085 nulla
406 2042 563 2093 fuerit,
607 2044 661 2083 ad
703 2043 989 2083 coercendam
1027 2040 1241 2083 videlicet
1277 2044 1572 2087 calumniato-

255 2130 357 2156 rum
388 2113 633 2159 licentiam.
692 2116 848 2168 Neque
879 2112 997 2153 enim
1037 2124 1236 2168 pugnant
1267 2113 1386 2157 inter
1413 2130 1459 2157 se
1488 2116 1569 2165 illi,

255 2199 359 2226 cum
401 2187 456 2226 de
504 2183 689 2227 diversis
741 2188 994 2240 εἰσαγγελιῶν
1044 2184 1273 2239 speciebus
1320 2187 1573 2242 loquantur,

256 2267 298 2296 et
329 2269 469 2310 poena
502 2256 582 2297 ista
612 2266 784 2297 tantum
816 2255 935 2295 abest
965 2264 1014 2294 ut
1043 2256 1261 2296 recentius
1292 2254 1468 2299 invecta
1498 2257 1570 2311 sit,

254 2337 326 2372 ut,
369 2341 469 2367 cum
512 2324 756 2382 antiquitus
794 2328 933 2376 major
972 2323 1148 2374 fuisset,
1196 2336 1294 2381 poet
1330 2325 1570 2371 imminuta

253 2396 439 2449 sit²20).

300 2497 378 2540 ¹²9)
404 2498 625 2541 Harpocrat.
651 2496 676 2530 l.
702 2495 728 2530 l.
755 2496 804 2530 cf.
832 2497 956 2530 Isaeus
989 2496 1036 2532 de
1059 2497 1192 2542 Pyrrhi
1226 2496 1376 2534 haered.
1401 2510 1439 2545 p.
1462 2498 1566 2546 4a.1.

250 2566 307 2599 50.
335 2556 460 2600 steph.
487 2556 682 2590 Demosth.
709 2556 748 2589 in
784 2558 1000 2592 Pantaenet.
1034 2571 1069 2603 p.
1103 2570 1182 2604 979.
1209 2563 1292 2604 980.

296 2623 373 2667 120)
398 2624 464 2659 His
487 2623 540 2659 ita
563 2624 674 2668 satis,
708 2630 747 2659 nt
770 2631 883 2669 puto,
915 2626 1160 2670 probabiliter
1183 2627 1399 2672 explicatis,
1424 2638 1560 2664 veren-

1671 2890 1706 3058 salma-„s
1687 2868 1698 2876 ·
