1706 3058
285 118 366 173 276

293 238 366 281 ge,
406 234 584 279 quoquc
623 220 820 264 caderet,
876 215 916 257 ei
955 226 1067 271 quae
1116 216 1333 267 ejusmodi
1377 217 1611 269 ferrentur.

293 308 478 354 quarum
516 286 738 332 beneficio
787 297 864 329 aut
902 286 1119 328 debitores
1158 287 1494 338 remissionem,
1535 299 1613 332 aut

292 366 436 423 capite
468 357 683 404 diminuti
714 356 1070 406 restitutionem,
1103 357 1237 400 etiam
1267 372 1359 400 non
1387 361 1613 415 persoluto

293 436 458 482 debito.
492 431 619 474 facile
649 428 1038 483 nanciscerentur3
1068 427 1323 481 cujusmodi
1345 429 1616 473 Timocrati·

294 510 367 550 illa
400 503 508 551 fuit,
549 515 682 559 quam
712 503 1038 542 Demosthenes
1065 510 1265 549 accusat,
1308 511 1352 541 et
1380 502 1464 543 hoc
1495 515 1616 558 quo-

294 592 379 634 que
408 574 593 617 nomine
623 572 869 628 παρανόμως
898 574 1032 615 latam
1062 586 1157 613 esse
1187 571 1354 627 arguit,
1384 572 1506 628 quod
1534 572 1617 615 Ti-

293 658 507 690 mocratee
548 658 694 700 neque
734 641 1053 699 impunitatem
1096 642 1278 696 (ἄδειαν)
1316 657 1396 684 eeu
1436 643 1618 687 veniam

293 733 394 761 cum
425 715 590 773 populo
622 713 783 770 agend-i
814 711 1133 769 impetraverit,
1166 725 1316 767 neque
1335 713 1517 756 Senatui
1540 730 1618 771 po.

291 791 485 846 puloque
525 787 665 841 legem
695 800 823 827 suam
863 784 1141 842 proposuerit
1181 793 1224 824 et
1264 785 1469 835 suaserit,
1517 796 1621 828 ante

294 875 427 918 quam
458 857 506 898 in
535 858 910 898 Nomothetarum
940 855 1130 899 consilio
1173 869 1270 897 eam
1300 855 1504 915 ferret⁵⁶).

378 928 505 972 Nihil
535 938 688 969 autem
729 929 868 985 magia
906 928 1160 969 cavendum
1203 938 1295 968 erat
1332 941 1474 970 novae
1508 929 1618 985 legis

294 999 511 1059 rogatori‚
543 1013 701 1055 quam,
731 1013 789 1040 ne
819 999 927 1055 quid
955 1000 1112 1046 ferret,
1154 999 1277 1055 quod
1307 999 1533 1041 veteribus
1561 1001 1620 1042 le-

295 1074 423 1132 gibus
454 1069 731 1114 contrarium
762 1081 889 1112 esset.
945 1069 1166 1114 Ἐναντίον
1209 1072 1253 1115 δὲ
1280 1069 1411 1124 νόμον
1439 1071 1496 1127 μὴ
1525 1074 1623 1123 ἐξεῖ-

294 1165 364 1189 ναι
393 1146 549 1187 τιθέναι
578 1147 657 1184 τῶν
686 1142 826 1197 νόμων
856 1148 936 1184 τῶν
967 1143 1163 1196 κειμένων
1193 1145 1358 1197 μηδενί,
1388 1142 1484 1199 ipsa
1513 1155 1621 1186 sunt

293 1215 403 1272 legis
441 1214 572 1255 verba
611 1215 727 1268 apud
775 1215 1122 1255 Demosthenem
1169 1212 1218 1253 in
1269 1213 1621 1266 Timocratea¹⁷).

293 1289 472 1341 Neque,
504 1297 615 1338 quae
644 1285 762 1338 apud
791 1285 1075 1335 Romanosffi)
1108 1286 1265 1327 eadem
1293 1284 1477 1327 Athenis
1506 1285 1623 1329 ratio

297 1357 494 1403 valebat,
525 1364 576 1394 ut
608 1367 727 1395 nova
756 1355 827 1396 lex
858 1355 1064 1410 antiquae
1095 1356 1343 1411 obrogaret,
1372 1370 1517 1413 neque
1536 1368 1622 1399 tra·

299 1425 489 1485 latitium
520 1422 635 1468 illud
663 1426 708 1468 in
736 1423 949 1468 Romanis
980 1425 1152 1483 legibus
1184 1436 1344 1481 caput,
1385 1427 1439 1468 de
1468 1425 1622 1484 impu-

295 1499 455 1545 nitate,
503 1493 541 1536 si
581 1494 689 1552 quid
730 1507 885 1538 contra
921 1496 1029 1538 alias
1069 1498 1184 1554 leges
1227 1502 1321 1550 ejus
1348 1497 1466 1555 ,legis
1515 1514 1619 1557 ergo

297 1571 467 1611 factum
498 1569 699 1619 esset⁵⁹),
739 1569 856 1622 apud
893 1568 1184 1611 Athenienses
1225 1570 1378 1612 locum
1417 1571 1625 1617 habebat:

297 1645 450 1697 Itaque
489 1651 655 1679 novam
694 1638 836 1694 legem
877 1640 1049 1681 nullam
1080 1638 1186 1681 ferri
1214 1639 1370 1690 licuit,
1410 1639 1499 1681 nisi
1539 1656 1623 1683 ve-

299 1724 393 1755 tere
422 1707 549 1766 prius
579 1710 696 1764 apud
736 1710 1029 1752 Nomothetas
1071 1714 1299 1768 abrogata,
1339 1710 1412 1753 cui
1441 1722 1622 1768 propter

298 1782 348 1824 id
378 1781 524 1838 ipsum
554 1790 763 1835 patronos
793 1793 816 1819 a
847 1782 1016 1835 populo
1040 1781 1134 1822 dari
1166 1781 1319 1824 solitos
1350 1796 1457 1830 esse,
1486 1797 1619 1839 supra

296 1853 510 1896 vidimus.
571 1852 727 1904 Neque
756 1863 862 1891 vero
904 1853 1105 1908 abrogari
1143 1864 1342 1895 veterem
1381 1854 1523 1909 legem
1563 1854 1624 1896 li-

341 2003 401 2048 56)
430 2002 497 2037 Or.
523 2000 604 2034 adv.
630 1998 833 2033 Timocrat.
859 2000 882 2033 1.
911 2000 936 2033 Ι.
984 1998 1090 2047 Χρῆν
1109 2016 1158 2043 σι,
1181 1997 1212 2038 ὦ
1234 2000 1468 2049 Τιμόκρατες,
1494 2001 1621 2041 εἰδότα

298 2062 365 2100 τόν
388 2057 502 2106 νόμον
525 2056 654 2103 τῦνδε,
686 2057 727 2094 ὃν
750 2057 908 2107 ἀνέγνων
919 2083 931 2101 ,
970 2062 1005 2096 εἴ
1028 2074 1061 2095 τι
1084 2061 1228 2099 δίκαιον
1252 2061 1404 2107 ἐβούλου
1428 2061 1622 2109 πράττειν,

299 2122 450 2166 πρῶτον
485 2122 551 2166 μὲν
581 2116 766 2165 πρόσοδον
795 2117 1017 2167 γράψασθαι
1046 2121 1140 2165 πρὸς
1162 2123 1229 2167 τήν
1258 2123 1418 2168 βουλήν,
1454 2124 1535 2160 εἶτα
1567 2125 1622 2170 τῷ

299 2181 401 2226 δήμῳ
423 2179 662 2224 διαλεχθῆναι
677 2191 685 2197 ·
712 2185 773 2215 καὶ
799 2176 923 2221 οὕτως,
947 2178 981 2214 δι’
1002 2180 1115 2216 πᾶσιν
1137 2178 1357 2227 Ἀθηναίοις
1379 2182 1508 2232 ἐδόκει,
1533 2187 1620 2233 7942-

300 2254 381 2284 qam
402 2243 463 2275 καὶ
487 2241 708 2284 νομοθετεῖν
729 2245 815 2285 περὶ
847 2239 997 2276 vairam.
1054 2242 1104 2276 Et
1137 2242 1185 2276 de
1215 2241 1318 2289 α’δείᾳ
1350 2245 1478 2288 paullo
1511 2253 1617 2282 ante:

298 2302 458 2348 ἔγραψεν
480 2317 525 2325 -—
549 2296 591 2333 οὗ
613 2302 862 2345 προτεθέντος
884 2298 1029 2338 οὖδενδι·
1050 2307 1134 2348 περὶ
1157 2300 1316 2348 vairam,
1341 2301 1424 2340 οὕδὲ
1448 2305 1618 2355 δοθείσης

299 2358 421 2396 ἀδείας
451 2359 576 2406 λέγειν.

343 2430 404 2474 57)
429 2429 516 2473 Pag.
542 2441 620 2475 7¹0·
649 2429 698 2464 cf.
726 2440 780 2464 or.
806 2428 887 2464 adv.
916 2430 1065 2475 Leptin.
1090 2441 1127 2477 p.
1152 2431 1232 2475 486.

342 2514 402 2555 58)
430 2512 554 2546 Livius
579 2513 643 2547 IX.
676 2525 709 2548 c.
735 2524 792 2560 34.

341 2581 402 2626 59)
427 2580 510 2614 Vid.
547 2582 623 2615 Cic.
659 2583 707 2616 ad
741 2582 906 2617 Atticum
930 2584 1001 2617 ΙΙΙ.
1027 2593 1088 2628 ep.
1115 2593 1168 2628 23.
1197 2582 1255 2618 Cf.
1275 2584 1439 2625 Brisson.
1465 2586 1514 2622 de
1536 2588 1613 2624 for-

296 2641 420 2684 mulis,
444 2640 510 2674 lib.
537 2642 587 2675 H.
613 2653 650 2687 p.
683 2647 758 2687 138.
784 2650 824 2677 et
848 2643 1025 2678 Heineec·
1052 2644 1249 2690 Antiquitt.
1277 2645 1387 2682 Rom.
1413 2648 1443 2681 Ι.
1471 2660 1503 2682 2.
1531 2660 1562 2683 a.

1656 2360 1706 2467 ³4
