1706 3058
1338 109 1417 164 175

87 217 305 273 φάρμακα,
346 218 505 271 τραῦμα
542 216 586 257 ἐκ
614 214 832 270 προνοίας,
864 211 1066 270 πυρκαϊά,
1097 213 1253 269 κλοπή,
1295 229 1415 260 συκο-

87 290 263 343 φαντία,
302 284 620 341 ψευδοκλητείαρ
668 284 992 342 ψευὸεγγραφή,
1032 283 1211 337 κάκωσις
1249 287 1418 343 γονέων,

86 358 315 414 ἐπικλήρων
328 392 340 411 ,
383 354 579 412 ὀρφανῶν
589 356 644 406 ⁶).

171 432 339 472 Omnes
388 437 539 467 autem
588 425 794 482 publicae
844 426 1041 470 actiones
1093 429 1202 473 haec
1249 432 1416 474 habent

85 499 368 547 communia,
420 500 539 554 quod
578 512 600 538 a
642 499 802 554 quovis
846 497 968 546 cive,
1019 512 1190 555 praeter
1231 500 1414 558 ἆτίμους,

83 571 255 614 intendi
285 580 492 627 possunt,
524 583 615 610 non
645 571 791 611 solum
823 572 875 611 ab
906 570 977 622 iis,
1009 572 1087 628 qui
1119 574 1299 629 proprie
1328 577 1416 617 lae·

81 643 119 684 si
149 652 274 691 sunt3
318 640 444 689 dein,
489 642 610 697 quod
653 655 807 682 omnes
844 646 1050 697 poenales
1081 649 1260 697 sunt⁷)‚
1302 658 1346 688 et
1375 647 1414 689 si

72 713 386 755 ,in-mulctam
429 728 530 754 reus
571 713 894 753 condemnatus
945 725 1032 764 est,
1083 718 1202 771 quod
1242 731 1417 773 poenae

82 799 224 844 genus
255 782 610 835 usitatissimum,
641 786 750 824 haec
781 797 871 823 non
892 785 1136 827 accusatori
1170 789 1304 843 cedit,
1337 792 1414 832 sed

84 855 429 914 reipublicae⁸);
463 854 655 911 denique
689 856 809 910 quod
835 856 1078 897 accusatori
1096 872 1226 900 causa
1259 863 1412 903 caden-

83 928 119 971 ti
158 929 324 969 mulcta
363 924 543 983 imponi
575 927 688 967 solet
717 925 839 967 mille
880 928 1140 984 plerumque
1181 931 1416 972 drachma-

83 1015 207 1049 rum,
239 1000 480 1053 eademque
510 1010 684 1037 summa
717 1011 818 1037 eum
849 1012 1025 1054 quoque
1055 1001 1173 1056 leges
1205 1005 1411 1045 mulctari

80 1076 320 1125 jusserunt,
354 1066 432 1125 qui
454 1065 707 1108 institutam
728 1067 952 1110 actionem
987 1072 1228 1123 desereret3
1261 1089 1412 1131 quam-

81 1156 216 1198 quam
245 1140 291 1182 id
320 1155 412 1181 non
455 1153 631 1193 semper
671 1139 894 1180 observari
935 1142 1107 1197 solet9).

167 1214 254 1256 Sed
286 1227 336 1254 ex
366 1209 436 1252 his
468 1209 658 1266 publicis
677 1209 931 1253 actionibus
954 1212 1270 1258 usitatissimae
1295 1231 1416 1261 erant

81 1285 133 1328 in
165 1285 260 1326 foro
293 1281 440 1325 Attico
472 1280 636 1339 γραφή,
679 1281 805 1336 φάσις
844 1293 889 1323 et
929 1286 1107 1337 ἔνδειξις.
1176 1290 1321 1344 Atque
1351 1293 1414 1334 ἕν-

81 1361 204 1408 δειξις
231 1352 410 1412 proprie
451 1363 542 1393 erat
583 1351 748 1394 delatio
791 1367 971 1403 eornm,
1013 1355 1093 1412 qui
1132 1358 1306 1414 legibus
1336 1374 1414 1403 aut

81 1427 288 1482 judicum
319 1422 553 1466 sententiis
584 1421 733 1479 aliquo
766 1434 842 1466 aut
871 1425 970 1466 loco
1015 1438 1088 1467 aut
1119 1444 1306 1472 munere
1336 1445 1415 1475 aut

81 1504 178 1552 jure
219 1494 414 1544 exclusi,
455 1505 607 1535 tamen
649 1509 751 1536 cum
791 1497 942 1537 locum
974 1497 1192 1547 adierant,
1237 1512 1314 1542 aut
1342 1505 1413 1553 jus

129 1655 167 1699 6)
198 1654 257 1689 Cf.
283 1653 356 1687 Iul.
383 1652 528 1687 Pollux.
551 1651 578 1686 1.
601 1651 630 1687 l.

125 1746 162 1795 7)
197 1745 270 1780 Illa
292 1755 367 1778 una
392 1743 572 1786 fortasse,
606 1753 704 1788 quae
725 1739 833 1788 φάσις
856 1744 1064 1790 dicebatur,
1090 1754 1260 1794 excepta.
1305 1750 1412 1785 Haec

79 1809 181 1843 enim
205 1816 476 1850 nonnunquam
498 1804 758 1848 persecutoria
781 1812 863 1840 erat
889 1808 935 1850 (v.
962 1808 1032 1843 Iul.
1056 1810 1200 1844 Pollux.
1227 1811 1332 1844 VIII.
1349 1816 1408 1855 48.

79 1867 130 1902 cf.
155 1866 295 1901 Bockh.
321 1865 347 1899 1.
374 1866 400 1900 1.
427 1866 457 1899 Ι.
483 1876 519 1910 Ρ.
546 1866 625 1911 576.
652 1866 724 1911 sq.)
760 1878 808 1899 an
833 1878 1002 1913 semper,
1040 1870 1219 1917 equidem
1251 1881 1409 1916 magno-

79 1939 171 1974 pere
195 1928 338 1962 dubito.
390 1928 476 1973 Qua
497 1927 543 1960 de
567 1938 610 1960 re
632 1926 695 1960 hic
710 1937 788 1960 non
812 1934 869 1961 est
894 1929 1044 1964 dicendi
1067 1931 1186 1966 locus.

125 2023 162 2063 8)
188 2020 334 2053 Tamen
356 2018 420 2052 hic
443 2030 594 2065 quoque
618 2015 723 2065 φάσις
746 2020 965 2065 excipienda
981 2027 1050 2056 est.
1098 2023 1197 2057 Nam
1215 2022 1280 2069 qui
1305 2023 1408 2058 frau—

82 2080 169 2115 dem
192 2080 294 2114 circa
316 2079 536 2124 importatas
562 2085 822 2124 exportatasve
843 2093 991 2116 merces
1009 2083 1252 2119 commissam
1268 2083 1412 2118 indica—

80 2147 205 2182 verat,
231 2139 430 2174 dimidium
455 2141 534 2183 ejus
566 2139 772 2185 pecuniae,
809 2153 883 2187 qua
911 2143 1002 2177 illae
1036 2145 1251 2179 aestimatae
1286 2151 1408 2187 erant,

79 2201 248 2247 praemio
274 2201 445 2246 accipere
477 2200 634 2235 solebat.
693 2202 891 2237 Demosth.
927 2203 967 2236 in
991 2204 1194 2240 Theocrin.
1229 2218 1266 2251 p.
1305 2218 1407 2252 1325.

80 2265 204 2309 Atque
239 2262 312 2296 huc
344 2261 438 2295 illud
473 2273 621 2308 quoque
644 2262 832 2307 pertinet,
868 2263 970 2308 quod
994 2275 1015 2297 e
1033 2265 1231 2300 Demosth.
1258 2266 1298 2300 in
1322 2269 1407 2301 Ma—

80 2328 172 2356 cart.
195 2334 230 2367 p.
260 2334 358 2368 ¹074·
386 2323 585 2365 discimus,
611 2321 661 2365 ei,
688 2323 752 2368 qui
772 2323 872 2357 oleas
898 2325 1046 2369 plures,
1073 2339 1185 2372 quam
1205 2339 1274 2372 per
1300 2328 1407 2373 leges

80 2382 240 2424 licebat,
272 2383 317 2417 ab
345 2383 471 2429 aliquo
504 2383 643 2417 excisas
663 2383 886 2426 indicasset,
922 2390 1167 2421 centenamm
1184 2389 1221 2422 in
1242 2389 1408 2435 singulas

81 2442 344 2477 drachmarum
374 2454 558 2477 summam
578 2455 599 2476 a
616 2455 682 2478 reo
704 2445 797 2478 solvi
821 2446 1048 2490 oportuisse,
1073 2447 1309 2495 totidemque
1334 2451 1407 2483 rei-

83 2502 266 2549 publicae.
314 2502 440 2538 Etiam
460 2503 556 2537 aliae
570 2503 755 2548 quaedam
777 2505 1034 2540 accusationes
1049 2510 1260 2551 praemium
1270 2523 1407 2556 propo-

81 2563 194 2597 situm
216 2563 414 2598 habebant.
463 2566 574 2599 Dein.
597 2565 637 2598 in
656 2567 788 2600 Neaer.
815 2578 850 2612 p.
875 2576 974 2611 1350.
999 2567 1096 2613 1363.

126 2656 163 2701 9)
190 2655 272 2690 Vid.
305 2655 569 2691 Hudtwalckei·
583 2655 630 2692 de
652 2655 817 2693 Diaetet.
843 2670 879 2705 p.
902 2669 965 2706 159
983 2675 1027 2686 -ψ
1048 2661 1124 2696 166.
