1706 3058
276 91 356 134 264

277 196 390 238 alius
421 199 620 248 ejusdem
653 197 867 240 orationis
898 200 1045 247 locus,
1086 197 1162 241 ubi
1193 197 1443 254 legitimum
1473 198 1598 241 ordi-

276 283 381 310 nem
421 270 571 323 legum
610 269 893 310 ferendarum
933 271 985 310 ab
1029 269 1158 312 istius
1192 269 1402 325 temporis
1434 274 1600 312 Dema-

276 338 401 393 gogis
421 339 595 394 saepius
618 340 779 397 negligi
800 339 1024 396 queritur:
1057 347 1138 384 τῶν
1157 344 1478 395 πολιτευομένων
1498 345 1603 394 τινὲς

277 413 543 463 δυνηθέντες,
586 409 640 461 ὦς
680 413 756 467 ἐγώ
793 413 1079 467 πυνθάνομαι,
1121 411 1420 456 κατεσκεύασαν
1460 411 1599 465 emitote

276 484 423 531 ἐξεῖναι
452 489 713 534 νομοθετεῖν,
758 483 878 526 ὅταν
917 502 993 534 τις
1034 482 1306 540 βούληται,
1349 487 1418 527 καὶ
1461 484 1507 528 ὅν
1547 485 1600 528 ὄῖν

281 551 373 608 εὔχῃ
401 551 561 606 τρόπον.
623 554 711 595 Hic
740 557 863 596 locus
894 553 1171 610 apertissime
1203 556 1488 604 demonstrat,
1521 570 1600 613 per

274 623 391 678 leges
422 636 511 663 non
542 622 743 672 licuisse,
777 640 866 680 quo
890 625 1075 681 quisque
1095 636 1293 682 ternpore
1324 627 1472 675 vellet,
1503 626 1602 670 ὅταν

273 712 333 743 τις
364 694 580 749 βούληται,
617 704 880 750 νομοθετεῖν,
923 698 1000 736 sed
1025 707 1193 737 certum
1226 698 1451 751 quoddam
1483 708 1601 740 tem-

274 779 358 820 pus
402 764 471 805 illi
515 764 579 806 rei
623 768 776 808 datum
819 781 923 808 esse.
1003 767 1145 823 Atque
1187 769 1384 818 ejusdem
1424 768 1600 825 generis

274 835 360 876 alia
399 847 462 876 est
501 838 700 892 querela,
753 839 802 880 in
853 839 1054 880 oratione
1099 839 1146 879 in
1187 838 1512 882 Timocratem:
1561 843 1604 884 οἱ

276 905 366 962 παρ’
398 906 494 961 ὑμῖν
524 908 694 964 ῥήτορες
735 911 827 955 ὅσοι
856 917 981 966 μῆνες
1011 917 1162 966 μικροῦ
1192 913 1328 954 δέουσι
1357 920 1600 966 νομοθετεῖν

276 979 322 1020 τὰ
353 979 511 1028 ἑαυτοῖς
539 983 812 1037 συμφέροντα,
853 980 975 1037 Quid
1004 982 1189 1022 autem?
1220 997 1324 1023 cum
1347 992 1437 1024 tam
1467 999 1598 1041 saepe

275 1047 360 1089 ista
391 1060 534 1091 aetate
564 1064 708 1094 novae
729 1055 844 1109 leges
869 1054 1101 1104 ferrentur,
1129 1053 1457 1107 putabimusne,
1491 1070 1599 1112 quo·

274 1118 536 1176 tiescunque
564 1122 611 1164 id
642 1122 784 1172 fieret,
828 1126 1121 1165 Nomothetas
1161 1124 1428 1167 constitutos
1469 1127 1598 1169 esse?

271 1193 324 1233 Id
357 1191 538 1247 quidem
569 1208 660 1234 non
692 1206 757 1235 est
794 1196 889 1236 veri
920 1195 1076 1237 simile.
1144 1199 1234 1244 An,
1279 1198 1400 1253 quod
1439 1198 1598 1240 Wolfio

274 1260 322 1303 in
362 1274 559 1305 mentem
601 1265 749 1314 veuit,
802 1280 955 1306 omnes
994 1266 1097 1308 istas
1138 1269 1276 1322 leges,
1324 1282 1597 1325 quocunque
1644 1287 1654 1317 ,·

277 1336 455 1375 demum
476 1344 673 1389 tempore
694 1336 947 1392 propositae
970 1348 1126 1385 essent,
1150 1339 1330 1380 tandem
1351 1341 1434 1380 sub
1454 1341 1598 1395 proxi-

274 1403 338 1445 mi
370 1404 474 1445 anni
505 1404 689 1447 initium
719 1406 896 1448 solenni
928 1407 994 1448 illi
1020 1411 1395 1450 Nomothetarum
1424 1410 1597 1462 judicio

273 1476 391 1517 tradi
423 1477 716 1530 consuevisse,
748 1489 806 1528 et,
838 1477 875 1520 si
897 1481 949 1520 ab
967 1478 1035 1520 his
1065 1480 1278 1535 probatae
1308 1492 1466 1529 essent,
1500 1494 1599 1525 tum

273 1548 457 1589 demum
486 1560 603 1589 ratas
634 1547 805 1589 fuisse?
865 1549 1104 1606 Tantisper
1145 1549 1282 1607 igitur
1324 1550 1433 1607 quid
1466 1551 1598 1594 fiebat

275 1621 330 1660 de
362 1619 458 1660 istis
490 1620 696 1674 legibus?
744 1622 1126 1675 Proponebantur.
1183 1624 1239 1663 At
1264 1636 1351 1678 quo
1376 1622 1599 1665 consilio?

274 1693 333 1732 Ut
363 1693 508 1733 multo
540 1702 664 1742 ante,
696 1705 827 1746 quam
865 1691 1051 1748 perferri
1093 1705 1316 1748 poterant,
1356 1708 1599 1750 cognosce-

273 1773 429 1804 rentur
447 1765 499 1804 ab
519 1762 747 1811 omnibus;
780 1776 868 1817 quo
898 1761 1086 1813 facilius,
1115 1763 1151 1804 si
1174 1764 1283 1820 quid
1309 1765 1477 1807 fraudis
1492 1769 1600 1808 sub-

274 1844 402 1881 esset,
433 1845 633 1890 apertum
658 1832 796 1880 fieret,
828 1843 1108 1888 possentque,
1143 1833 1221 1889 qui
1242 1836 1419 1885 vellent,
1452 1839 1505 1878 ad
1526 1852 1613 1880 eas*

273 1905 595 1962 impugnandas
633 1905 747 1945 bene
787 1903 1031 1959 praeparati
1070 1907 1286 1946 accedere.
1355 1908 1406 1947 Id
1435 1921 1595 1962 parum

272 1976 515 2017 convenire
554 1975 733 2016 videtur
779 1978 1144 2030 Demagogorum
1183 1975 1358 2020 rationi,
1430 1980 1596 2020 Fallere

271 2047 345 2088 isti
378 2048 616 2096 conantur,
658 2058 701 2088 et
730 2045 1018 2088 tumultuarie
1057 2045 1206 2086 omnia
1238 2059 1436 2102 agentes,
1478 2050 1595 2090 mul-

270 2117 513 2160 titudinem
545 2118 594 2159 in
627 2120 827 2160 fraudem
857 2115 1093 2165 inducere,
1137 2117 1268 2158 bonis
1309 2130 1352 2159 et
1393 2122 1594 2176 pruden—

270 2188 391 2230 tibus
441 2189 674 2231 resistendi
722 2200 898 2245 tempus
949 2199 993 2230 et
1032 2189 1285 2230 facultatem
1326 2189 1593 2247 praeripere.

272 2262 375 2302 Non
414 2260 553 2316 igitur
593 2260 805 2304 credibile
844 2271 930 2308 est,
983 2273 1057 2301 eos
1097 2274 1298 2316 unquam
1338 2261 1452 2316 leges
1493 2276 1592 2304 suas

269 2374 386 2421 νόμον
410 2377 526 2411 fuisse
551 2376 719 2423 xrfcnovf‘
768 2377 841 2412 Sed
866 2377 978 2419 locis,
1014 2378 1076 2422 qui
1109 2378 1155 2411 ab
1189 2388 1234 2412 eo
1260 2378 1481 2420 afferuntur,
1507 2379 1595 2413 De-

268 2437 404 2471 mosth.
442 2438 479 2471 in
512 2439 715 2472 Timocrat.
752 2449 787 2483 p.
822 2451 900 2486 744.
935 2439 1015 2472 adv.
1051 2438 1198 2482 Leptin.
1225 2449 1260 2482 p.
1286 2444 1364 2482 484..
1392 2451 1445 2484 sq.
1473 2440 1506 2484 ἕ.
1531 2451 1588 2486 74.

267 2504 309 2531 ut
341 2499 496 2542 probet,
540 2510 676 2532 novam
700 2499 826 2543 legem
858 2500 986 2544 quovis
1010 2506 1184 2544 tempore
1215 2500 1377 2543 proponi
1407 2499 1587 2544 potuisse,

268 2560 447 2604 equidem
480 2559 571 2593 mihi
604 2559 735 2593 videor
767 2560 811 2593 ad
847 2561 1076 2596 contrarium
1106 2560 1342 2606 probandum
1375 2560 1433 2594 uti
1464 2570 1586 2605 posse.

265 2621 419 2656 Rectius
447 2632 494 2656 an
518 2620 664 2663 secius,
701 2620 765 2655 alii
790 2620 968 2663 judicent.
