1706 3058
1330 94 1417 150 267,
1477 144 1480 149 ⁸

93 208 264 267 legibus
306 206 540 257 omnibus,
580 213 803 260 quotquot
840 204 959 258 apud
997 211 1189 243 oratores
1231 197 1420 242 insertae

94 291 214 328 eunt,
247 279 337 321 dici
368 288 528 335 potest,
562 289 750 331 quarum
773 275 892 315 nulla
914 274 1004 314 fere
1027 271 1164 328 prisci
1189 272 1423 323 sermonis,

95 349 237 406 qualis
261 350 344 391 ista
364 358 504 391 aetate
534 356 651 394 erat,
684 344 926 401 vestigium
959 343 1231 397 retinuit⁴’)‚
1263 358 1420 399 quam-

95 435 226 478 quam
277 421 508 475 pleraeque
547 417 667 457 haud
716 415 850 456 dubie
891 415 1066 457 Solonis
1108 426 1226 460 sunt.
1310 416 1423 458 Cre-

96 492 312 533 damusne
343 489 500 546 igitur,
543 485 733 542 vestigia
774 485 856 528 ista
897 488 950 526 ab
992 485 1239 528 oratoribus
1281 487 1422 529 deleta

98 576 234 610 esse,-
259 560 361 617 qui,
398 575 456 601 ne
488 556 702 601 orationis
734 555 1024 613 inaequalitas
1057 571 1326 613 quemquam
1359 560 1424 600 of·

96 632 308 679 fenderet,
342 643 522 685 quoque
547 626 724 670 facilius
746 629 798 668 ab
822 626 1104 670 auditoribus
1126 629 1426 673 lectoribusve

98 701 477 758 intelligerentur,
508 700 683 757 legum,
715 713 822 755 quas
868 699 1135 749 insererent,
1172 715 1428 745 sermonem

99 771 171 815 sui
204 770 414 829 temporis
446 771 598 827 captui
640 781 685 812 et
726 770 1045 813 consuetudini
1085 775 1431 815 accommodan-

102 845 209 884 dum
239 844 482 899 putarent?
515 859 584 892 an,
615 857 719 885 cum
749 843 831 884 sub
860 842 995 883 finem
1026 841 1130 884 belli
1155 844 1429 900 Peloponne-

102 914 225 964 siaci,
255 914 560 972 Solonisleges
576 916 726 955 denuo
749 910 1107 954 describerentur
1118 924 1159 954 et
1180 914 1428 970 digereren-

103 991 257 1038 tur⁴’).
281 1000 333 1027 eo
355 997 558 1041 tempore
578 984 712 1026 etiam
733 985 978 1024 obsoletam
1000 999 1148 1026 earum
1176 985 1430 1029 orationem

102 1054 265 1111 passim
280 1054 566 1098 immutatam
580 1070 672 1097 esse
684 1053 949 1095 arbitremur
960 1055 980 1095 ‘3
1013 1058 1261 1111 Utrumque
1273 1072 1435 1102 verum

106 1140 198 1166 esse
234 1138 408 1182 potest3
451 1127 566 1169 illud
608 1137 758 1168 autem
797 1124 895 1166 veri
925 1124 1233 1175 simillimum,
1275 1130 1434 1172 eodem

106 1207 328 1252 tempore,
361 1213 410 1240 ac
441 1198 631 1240 maxime
663 1208 763 1254 post
793 1201 953 1250 ejectos
986 1196 1170 1253 triginta
1211 1208 1433 1251 tyrannos,

108 1281 211 1308 cum
236 1282 380 1310 novae
408 1271 526 1326 leges
548 1269 769 1325 plurimae
790 1271 1107 1318 conderentur,
1140 1267 1188 1309 in
1221 1268 1308 1311 illis
1330 1287 1439 1328 quo·

110 1353 194 1394 que
226 1340 402 1382 Solonis
435 1339 684 1389 institutis,
727 1355 839 1396 quae
879 1341 1092 1381 servanda
1131 1353 1180 1381 ac
1210 1342 1438 1386 retinenda

109 1409 395 1457 viderentur,
430 1410 648 1451 nonnulla
678 1422 840 1453 novata
872 1425 965 1452 esse
996 1422 1126 1466 atque
1158 1426 1209 1452 ex
1247 1413 1439 1470 pristino

112 1492 267 1522 tenore
314 1491 507 1528 mutata,
563 1491 616 1521 ut
659 1481 983 1523 difficillimum
1030 1498 1159 1539 saepe
1197 1483 1278 1532 sit,
1330 1488 1440 1541 quid

113 1567 135 1595 a
161 1552 351 1606 Solonis,
382 1551 491 1608 quid
521 1554 574 1593 ab
603 1552 805 1596 Euclidis
835 1553 1068 1595 Archontis
1101 1566 1300 1611 tempore
1320 1573 1442 1614 repe·

113 1622 149 1664 ti
181 1625 363 1674 debeat,
398 1623 597 1665 definire.
657 1625 743 1666 Sed
783 1627 873 1666 hoc
902 1637 993 1665 non
1023 1627 1218 1667 multum
1247 1627 1356 1669 facit
1386 1631 1443 1670 ad

115 1707 310 1738 nostram
341 1710 458 1745 rem;
500 1694 611 1737 illud
642 1694 762 1737 enim
802 1706 974 1738 certum
1005 1707 1092 1745 est,
1130 1697 1234 1741 istae
1264 1714 1442 1760 quoque

162 1875 222 1918 42)
248 1874 416 1909 Maxime
439 1875 697 1910 memorabilis
720 1880 778 1909 est
797 1874 933 1920 Lysiae
950 1889 1004 1912 or.
1022 1878 1103 1912 adv.
1131 1879 1445 1927 Theomnestum,

120 1946 155 1980 p.
191 1944 268 1980 359.
304 1946 357 1981 sq.
395 1948 491 1981 quae
523 1937 695 1971 continet
728 1936 939 1980 specimina
972 1935 1156 1984 qudedam
1186 1942 1302 1986 prisci
1339 1944 1446 1979 istius

121 1995 306 2029 sermonis
318 2020 327 2038 ‚
377 2007 451 2041 quo
500 1997 649 2031 Solonis
700 1995 804 2041 leges
852 1997 1016 2043 scriptae
1060 2006 1189 2034 erant:
1245 1999 1449 2052 Ἐπεγγυᾷν

123 2053 153 2091 δ’
178 2055 232 2091 ἐπ
247 2071 287 2091 ιο
303 2070 323 2101 ρ
337 2054 387 2100 κή
398 2070 451 2091 σα
464 2069 514 2091 vt
527 2071 551 2092 α
575 2055 642 2091 τόν
664 2054 847 2094 Ἀπόλλω.
877 2055 1021 2094 δεδιότα
1034 2057 1071 2094 δὲ
1083 2059 1182 2104 δίκης
1201 2060 1306 2100 ἕνεκα
1333 2063 1384 2112 ὃρ
1396 2082 1451 2102 α·-

124 2113 327 2157 exigam.
353 2136 398 2142 —
438 2112 564 2153 “Oetae
587 2114 625 2151 δὲ
649 2113 859 2166 οἶπείλλῃ
882 2116 929 2165 τῇ
944 2116 1059 2163 θιῗρᾳ,
1083 2118 1187 2156 ἔνδον
1204 2123 1271 2159 τοῦ
1293 2126 1452 2164 κλέπτου

124 2177 242 2213 ὄντος.
268 2195 313 2204 -
364 2175 412 2213 Τὸ
438 2174 610 2223 α’ργύριον
633 2175 864 2225 στάσιμον
889 2179 1002 2222 εἶναι,
1027 2177 1083 2227 ἐφ’
1106 2179 1229 2228 ὁπόσῳ
1254 2183 1299 2221 ἂν
1320 2184 1454 2234 βούλῃ.

124 2250 189 2272 ται
222 2236 244 2272 ὅ
277 2237 461 2279 δανείζων.
496 2255 541 2264 -
578 2235 691 2275 Ὀσαι
722 2235 760 2273 δὲ
798 2242 1109 2285 πεφασμένως
1149 2244 1451 2293 πωλοῦνται,

126 2302 190 2333 καὶ
217 2296 382 2344 οἰκῆος
406 2302 467 2333 καὶ
491 2296 631 2344 βλάβης
655 2296 724 2344 τήν
747 2297 879 2345 δούλην
904 2299 999 2335 εἶναι
1024 2299 1194 2347 ὀφείλειν.
1245 2306 1362 2349 (Haec
1386 2320 1453 2342 oo-

55 2387 66 2398 ,
129 2365 270 2393 strema
293 2360 499 2403 corrupta).
535 2359 744 2403 Explicatio
764 2361 1033 2395 vocabulorum
1049 2363 1316 2409 obsoletorum‚
1344 2348 1455 2414 qu-am

129 2420 260 2465 Lysias
288 2419 449 2461 addidit,
476 2419 562 2453 satis
588 2420 820 2455 demonstrat
836 2447 846 2465 ‚
871 2433 920 2456 ne
943 2421 1015 2463 ista
1039 2424 1192 2469 quidem
1215 2433 1339 2463 aetate
1354 2429 1454 2474 ,haec

130 2481 176 2515 ab
202 2481 374 2514 omnibus
399 2479 614 2525 promiscue
649 2480 842 2516 intellecta
866 2494 960 2518 esse.

177 2572 238 2617 43)
264 2572 347 2606 Huc
371 2572 537 2617 pertinet
571 2572 757 2619 imprimis
791 2573 924 2621 Lysiae
951 2576 1071 2612 oratio
1097 2577 1136 2612 in
1168 2579 1456 2626 Nicomachum,

135 2644 171 2678 p.
208 2637 286 2678 835.
315 2645 368 2679 sq.
396 2633 438 2667 R.
