1706 3058
1331 94 1415 138 28¹-

91 211 177 255 que
205 208 336 248 vero,
364 198 526 247 rejecta
555 207 580 235 a
600 192 828 247 judicibus
857 191 1099 250 Leptinea,
1133 191 1236 234 ideo
1267 194 1418 236 statim

92 268 166 310 illa
197 269 334 308 altera
363 266 563 312 valebat3
597 265 674 305 sed
697 266 1019 320 expectandum
1041 276 1135 306 erat
1161 263 1419 321 legitimum

91 340 464 382 Nomothetarum
494 346 694 391 tempu-⁴3,
738 337 857 393 apud
898 350 1008 391 quos
1040 337 1157 377 solos
1188 349 1324 376 novas
1354 337 1418 377 le-

93 425 166 467 ges
198 408 304 451 ferri
335 407 517 454 licebat,
551 418 595 449 et
623 408 741 463 apud
769 420 878 463 quos
910 405 1030 447 illam
1062 408 1198 448 latum
1229 406 1297 455 iri,
1332 410 1418 450 De·

94 485 348 524 mosthenes
399 478 622 531 judicibus
678 476 905 533 promittit
952 491 1001 518 ac
1049 480 1319 535 spondet⁶‘).
1362 501 1419 513 --

95 557 234 609 Atque
265 553 320 595 de
349 548 521 607 legibus
552 551 781 592 hactenus.

387 834 430 880 C
491 832 657 881 A2P
728 833 779 879 U
850 835 897 880 T
994 833 1145 880 VIII.

105 945 174 989 De
201 944 472 1002 bello,pace
493 950 539 987 et
554 943 828 1002 foederibus
851 952 986 1002 atque
1007 945 1296 988 commerciis
1318 961 1421 989 cum

520 1036 690 1079 exteris
722 1034 1000 1077 civitatibus.

185 1198 410 1256 Sequitur,
441 1208 494 1240 ut
513 1199 567 1239 de
586 1196 719 1240 tertio
740 1213 889 1240 rerum
920 1198 966 1240 in
996 1198 1194 1244 comitiis
1224 1212 1430 1244 tractata-

101 1286 201 1313 rum
232 1284 392 1327 genere
422 1268 620 1312 breviter
650 1268 875 1312 dicamus:
908 1271 964 1312 de
992 1273 1133 1326 bello,
1165 1273 1219 1314 de
1248 1288 1355 1329 pace
1386 1285 1432 1316 et

101 1342 381 1390 foederibus,
424 1352 558 1397 atque
601 1342 656 1382 de
687 1340 814 1383 omni
844 1355 947 1383 cum
979 1342 1138 1384 exteris
1168 1344 1430 1388 civitatibus

100 1411 397 1461 commercio;
432 1426 620 1468 quarum
641 1426 792 1453 rerum
814 1412 1020 1455 omnium
1049 1414 1098 1455 in
1121 1416 1431 1458 democraticis

102 1482 432 1541 rebuspublicis
441 1498 668 1525 summum
688 1482 924 1526 arbitrium
945 1500 1081 1541 penes
1101 1476 1318 1543 populum
1343 1503 1433 1529 csse

103 1567 293 1613 oportet.
326 1559 469 1598 Totus
487 1553 724 1597 autemhic
741 1556 867 1597 locus
880 1555 993 1597 nihil
1008 1572 1273 1614 magnopere
1285 1560 1431 1608 habet,

103 1629 224 1685 quod
244 1626 420 1670 curiosa
439 1624 737 1682 explicatione
762 1641 890 1682 egere
913 1627 1130 1670 videatur.
1171 1630 1282 1685 Quis
1308 1630 1431 1672 enim

106 1710 194 1752 est,
227 1698 306 1755 qui
337 1700 407 1739 vel
437 1711 580 1739 unum
599 1696 933 1750 Thucydidem,
966 1709 1042 1740 aut
1070 1714 1232 1756 paucas
1263 1704 1432 1744 Demo-

104 1768 744 1826 sthenisP‘hilippicaslegerit,
773 1768 885 1826 quin
898 1768 1004 1812 satis
1023 1770 1145 1825 sciat,
1175 1775 1434 1830 nequebel-

150 1898 210 1943 69)
237 1897 319 1930 Vid.
345 1896 544 1932 Demosth.
566 1907 603 1941 p.
622 1900 700 1942 487.
729 1895 778 1940 (§.
799 1896 874 1937 82.)
901 1900 939 1929 et
956 1907 993 1941 p.
1016 1902 1096 1942 498.
1125 1898 1174 1943 (§.
1202 1899 1294 1942 115.)
1324 1899 1436 1944 Quod

110 1964 239 1993 autem
263 1958 335 2000 ait,
362 1969 398 2002 p.
424 1962 504 2002 487.
533 1957 582 2001 (§.
608 1957 703 2000 81.):
730 1953 799 1991 τοῦ
820 1953 935 2000 νόμοι·
959 1956 1154 2001 λυθέντος,
1180 1957 1247 1994 τὸν
1270 1972 1437 2005 παρεισε-

110 2021 290 2062 νεχθέντα
314 2016 440 2062 κύριον
463 2017 559 2054 εἶναι
583 2015 704 2064 σαφῶς
728 2014 750 2052 o‘
773 2016 932 2053 παλαιός
956 2015 1090 2054 κελεύει
1113 2017 1244 2064 νόμοςτ
1270 2020 1437 2054 credide-

110 2079 183 2112 rim
207 2077 404 2123 equidem,
438 2079 553 2112 istum
575 2074 740 2113 παλαιόν
762 2077 882 2127 νόμον
906 2079 978 2112 alio
1004 2080 1251 2124 pertinuisse,
1288 2087 1328 2115 et
1357 2084 1438 2128 qui-

87 2140 199 2175 »»dem
224 2139 271 2173 ad
295 2150 356 2174 eas
381 2139 506 2184 leges,
534 2149 630 2184 quae
661 2137 761 2183 apud
793 2139 1041 2173 Nomothetas
1072 2140 1278 2176 ferrentur.
1328 2142 1437 2177 Ideo-

114 2212 188 2248 que
220 2199 498 2235 Demosthenes
530 2198 612 2244 ipse
645 2199 771 2233 statim
802 2210 843 2234 se
875 2199 947 2235 ista
981 2202 1067 2247 lege
1099 2202 1154 2237 uti
1186 2202 1286 2238 velle
1308 2210 1435 2249 negat,

115 2273 160 2295 ne
191 2261 289 2308 quis,
319 2260 463 2306 inquit,
498 2259 544 2294 de
579 2272 622 2294 ea
654 2272 692 2293 re
725 2259 814 2293 mihi
847 2260 1088 2296 contradicat.
1147 2264 1246 2297 Nam
1278 2263 1310 2297 si
1334 2270 1440 2299 certa

114 2322 188 2357 fuit
209 2322 281 2355 ista
304 2321 386 2364 lex,
422 2327 461 2355 et
495 2321 546 2364 si,
578 2321 698 2354 altera
718 2320 805 2367 lege
829 2332 852 2355 a
873 2321 1055 2363 judicibus
1079 2323 1251 2366 sublata,
1278 2324 1440 2359 alteram

115 2383 245 2418 statim
267 2383 395 2417 valere
420 2382 609 2427 oportuit,
646 2382 735 2428 quid
758 2394 851 2428 opus
876 2382 949 2416 fuit
973 2383 1292 2419 Nomothetarum
1312 2392 1439 2420 aucto·

117 2444 257 2478 ritate?
290 2443 416 2481 Multo
435 2443 531 2478 illud
553 2444 632 2489 veri
649 2442 816 2487 similius,
841 2443 928 2488 lege
953 2443 1079 2490 aliqua
1103 2456 1125 2478 a
1147 2445 1330 2488 judicibus
1355 2446 1438 2480 sub-

117 2505 212 2548 lata,
237 2505 442 2551 tantisper,
467 2505 559 2543 dum
591 2514 688 2538 nova
716 2504 756 2539 in
790 2506 868 2548 ejus
893 2503 1021 2538 locum
1055 2505 1156 2551 apud
1190 2507 1440 2542 Nomothetas

117 2567 209 2601 ferri
233 2573 380 2612 posset,
407 2567 659 2613 antiquiores,
684 2565 716 2598 si
740 2576 837 2611 quae
861 2569 988 2600 essent
1010 2565 1083 2601 ista
1106 2567 1194 2614 lege
1218 2566 1434 2613 abrogatae,

121 2629 386 2662 auctoritatem
403 2639 508 2662 suam
522 2638 777 2673 recuperasse,
