1706 3058
292 87 369 131 292

380 179 463 221 Sed
494 177 546 218 ab
579 174 698 216 hisce
730 171 934 227 tributis,
964 187 1075 230 quae
1105 173 1434 228 imperabantur
1463 185 1506 215 et
1526 189 1606 219 ne-

293 249 481 295 cessario
513 246 746 302 pendenda
779 256 914 294 erant,
947 243 1289 302 distinguendae
1308 254 1414 285 sunt
1436 246 1608 287 volun-

292 323 429 366 tariae
460 318 737 364 collationes,
774 330 886 371 quae
916 315 1116 366 ἐπιδόσεις
1157 317 1427 358 dicebantur.
1486 314 1607 358 Fieri

293 395 414 439 cuim
453 390 643 435 solebat,
693 383 730 428 si
780 385 982 443 pecuniis
1033 386 1274 440 majoribus
1324 400 1436 441 opus
1478 397 1605 434 esset,

291 477 423 521 quam
453 472 533 516 pro
564 456 723 500 aerarii
756 458 985 508 facultate,
1019 469 1070 500 ut
1099 459 1309 510 Prytanes
1341 455 1610 501 concionem

291 538 522 584 haberent,
561 528 717 571 aerarii
749 527 947 584 inopiam
987 531 1154 585 populo
1187 538 1455 585 exponerent
1485 538 1610 584 pete-

287 619 474 662 rentque
504 603 557 642 ab
588 614 666 648 co,
695 611 746 640 ut
766 599 1025 641 voluntariis
1045 600 1375 647 collationibus,
1406 613 1485 655 pro
1516 596 1611 640 suis

290 678 482 737 quisque
512 670 812 719 facultatibus,
844 669 1114 725 reipublicae
1144 670 1447 712 subvenirent.
1507 671 1610 711 Sur-

289 752 451 809 gebant
491 756 599 785 tunc
639 741 716 797 qui
753 743 809 782 ad
849 741 1170 784 conferendum
1207 741 1349 798 parati
1379 750 1526 788 erant.
1565 751 1610 782 et

291 830 508 880 quantum
559 814 704 856 daturi
752 822 918 860 essent,
968 813 1054 853 alta
1103 827 1212 854 voce
1261 810 1611 869 profitebantur3

287 894 396 937 aiios
435 886 646 930 tardiores
688 894 764 925 aut
804 881 1048 925 tenaciores
1087 883 1338 927 excitabant
1378 894 1422 925 et
1457 885 1611 926 horta-

288 967 462 1009 bantur.
540 955 632 1013 Qui
661 953 780 996 nihil
831 953 1036 995 collaturi
1077 966 1222 1004 erant,
1275 965 1350 997 aut
1388 956 1607 1003 tacebant,

287 1045 366 1076 aut
407 1031 520 1071 clam
566 1041 589 1068 e
630 1025 846 1067 concione
882 1041 928 1068 ee
971 1028 1256 1076 amovebant;
1299 1041 1444 1083 neque
1483 1025 1609 1070 enim

288 1103 524 1163 quiequam
566 1096 741 1138 invitus
785 1099 840 1138 ad
871 1097 1190 1138 conferendum
1223 1095 1323 1152 cogi
1357 1101 1608 1152 poterat²¹).

285 1179 480 1223 Eorum,
532 1169 607 1225 qui
645 1167 834 1224 professi
879 1178 1022 1214 erant,
1073 1165 1256 1208 nomina
1296 1178 1339 1207 et
1377 1168 1611 1223 pecuniae,

286 1257 420 1302 quam
448 1256 494 1282 se
534 1238 826 1295 promiserant
866 1239 1066 1284 daturos,
1119 1251 1318 1278 summae
1348 1239 1505 1282 tabulis
1536 1238 1610 1283 in..

286 1312 454 1368 scripta
501 1320 602 1351 ante
652 1320 816 1350 statuas
864 1312 1202 1363 Eponymorum
1231 1312 1608 1365 proponebantur,

288 1386 397 1427 dum
436 1378 654 1439 promissa
693 1379 1000 1429 solvissent22).

372 1474 443 1513 De
482 1463 868 1508 administratione
907 1477 1086 1520 quoque
1122 1474 1166 1506 et
1204 1477 1290 1507 usu
1317 1466 1612 1522 pecuniarum

285 1540 566 1600 publicarum
595 1535 644 1577 in
675 1534 870 1577 comitiis
901 1546 1049 1577 actum
1081 1549 1194 1583 esse,
1227 1551 1306 1592 per
1336 1551 1383 1578 se
1412 1549 1533 1593 patet
1566 1551 1612 1582 et

284 1621 637 1656 consentaneum
671 1616 749 1647 est.
810 1608 980 1647 Tamen
1012 1607 1211 1661 exempla
1242 1610 1455 1662 quaedam
1488 1611 1609 1652 indi„

286 1683 500 1726 cabimus.
557 1680 620 1720 Ac
649 1676 845 1733 primum
886 1675 1067 1732 quidem
1099 1678 1391 1733 pecuniarum
1421 1696 1445 1723 a
1473 1682 1609 1725 sociis

287 1764 539 1797 exactarum
569 1752 622 1790 ab
652 1747 994 1804 imperatoribus
1020 1747 1210 1790 rationes
1239 1753 1459 1806 populum
1486 1769 1609 1810 repe-

334 1908 392 1950 21)
425 1905 506 1938 vid.
542 1901 791 1947 Theophrast.
828 1901 1000 1935 Charact.
1037 1913 1117 1948 cap.
1151 1917 1205 1938 22.
1240 1912 1279 1940 et
1309 1907 1361 1941 ibi
1395 1910 1604 1947 casaubon.

289 1969 347 2004 Cf.
374 1964 563 2001 Plutarch.
589 1962 706 1996 Alcib.
735 1973 816 2007 cap.
845 1974 897 1995 10.
913 1962 1080 1997 Phocion
1104 1975 1184 2009 cap.
1218 1979 1251 2012 9.
1287 1968 1516 2014 Athenaeus,
1542 1973 1603 2007 lv<

287 2042 367 2074 cap.
398 2041 451 2074 ¹9-

335 2124 393 2163 22)
420 2120 546 2153 Isaeus
578 2117 626 2150 de
653 2115 882 2160 Dicaeogen.
919 2114 1046 2149 hered.
1084 2128 1122 2161 p.
1157 2127 1214 2161 54.
1239 2123 1295 2162 33,
1343 2122 1508 2166 101-‚7332‘
1529 2121 1606 2160 ὕπο·

289 2181 436 2224 ἐτέρου,
472 2175 652 2213 ἐπέδωκεν
676 2174 716 2211 ἕν
749 2174 802 2219 τῷ
824 2173 923 2219 δήμῳ
957 2179 1168 2219 τριακοσίας
1192 2176 1374 2224 δραχμάς,
1406 2182 1560 2220 ἔλαττον
1579 2182 1606 2227 ἢ

288 2238 504 2283 Κλεώνυμος
531 2236 550 2272 ἆ
574 2234 681 2280 Κρής.
711 2238 807 2280 (erat
831 2234 893 2268 hic
925 2236 1090 2269 fortassis
1123 2243 1290 2283 μέςωκῃς
1324 2246 1388 2274 aut
1410 2236 1603 2287 t'oorssaje.)

291 2300 373 2335 Καὶ
397 2299 506 2334 τοῦτο
532 2294 725 2338 ἐπέδωκεν,
752 2292 817 2332 ov’n
840 2292 1062 2341 εἰσήνεγκεν·
1091 2298 1214 2341 (fort.:
1240 2297 1400 2336 ἐπέδωκε
1422 2302 1504 2344 μὲν,
1529 2300 1607 2338 οὐδ’»

289 2357 515 2404 εἷσήνιγκεν.)
542 2352 620 2392 ἀλλ’
644 2353 701 2390 ἐπ’
726 2354 895 2398 αἰσχίστῳ
921 2353 1174 2402 ἐπιγράμματι
1191 2359 1230 2400 ἐξ
1244 2360 1370 2405 ἑτέρου
1382 2358 1496 2397 miton?
1516 2362 1606 2398 τοῦε

287 2432 385 2463 voum
408 2417 616 2463 ἔμπροσθεν
639 2415 713 2451 τῶν
735 2413 970 2459 Ἐπιιινῦμων.
1019 2417 1119 2451 Illud
1140 2416 1180 2460 ἐξ
1202 2418 1328 2462 ἑτέρου
1345 2431 1496 2455 sensum
1519 2423 1603 2457 nula

287 2479 368 2512 lum
391 2477 568 2523 praebet3
596 2482 660 2509 aut
684 2475 820 2510 excidit
845 2476 985 2520 aliquid
1008 2483 1073 2510 aut
1095 2478 1379 2514 rescribendum
1403 2488 1460 2516 est
1482 2483 1603 2525 ἕξει-ἐ.

289 2541 342 2581 θη
369 2544 431 2571 aut
456 2537 622 2579 ἐξέκειτο.
676 2536 775 2581 Quid
798 2536 967 2571 Reiskius
994 2540 1208 2583 conjecerit,
1234 2542 1383 2586 nescio,
1410 2554 1497 2578 cum
1519 2545 1599 2587 ojus

285 2597 489 2633 editionem
514 2596 559 2632 ad
582 2607 713 2631 manus
737 2607 813 2630 non
836 2596 1005 2633 habeam.
