1706 3058
1301 113 1381 170 547

61 241 154 273 non
179 236 328 270 vetere
359 226 504 283 aliqua
533 239 682 266 rerum
724 222 812 265 illis
852 221 1127 278 temporibus
1165 233 1386 278 gestarum

62 301 178 341 fama
209 297 317 346 niti,
358 299 433 339 sed
473 311 626 338 eorum
668 293 863 336 acumini
907 293 1079 344 deberi,
1120 294 1195 350 qui
1236 306 1386 350 postea

62 367 295 428 poetarum
338 369 504 409 fabulas
542 381 622 423 pro
664 380 745 407 suo
793 376 926 420 captu
968 377 1044 406 aut
1075 366 1390 421 praejudicatis

64 440 359 499 opinionibus
391 440 636 480 tractabant
666 449 710 477 et
753 436 1167 491 interpretabantur.
1227 441 1389 494 Magna

63 513 187 556 enim
218 513 328 556 olim
361 521 450 552 erat
480 511 729 550 fabularum
749 508 993 550 Atticarum
1018 509 1276 556 multitudo,
1310 523 1388 564 po-

61 585 156 639 puli
195 582 439 640 originem,
489 580 762 638 reipublicae
802 579 1070 637 primordia,
1122 581 1282 619 artium
1324 582 1391 622 le·-

61 669 258 713 gumque
288 652 600 695 inventionem
632 651 965 694 celebrantium.
1026 653 1108 692 Sed
1142 653 1271 707 longe
1302 667 1390 693 ma-

61 731 199 780 jorem
232 737 381 766 earum
414 737 584 781 partem
615 724 876 777 jamdudum
908 722 1060 764 obruit
1092 722 1284 773 oblivi03
1316 739 1391 764 ne-

62 811 150 854 que
179 797 274 837 illas
305 795 447 851 ipsas,
481 811 593 852 quae
624 806 886 837 vetustatem
921 797 1143 844 tulerunt,
1178 809 1200 835 e
1231 791 1392 851 poeta-

62 884 164 912 rum
198 867 498 916 carminibus,
540 869 614 908 sed
658 866 898 908 maximam
938 878 1110 923 partem
1150 881 1173 906 e
1204 870 1393 921 Mytho-

62 943 332 998 graphorurn
363 938 488 980 libris
520 937 855 994 cognoscimus,
897 937 976 995 qui
1017 940 1280 995 plerumque
1321 955 1393 982 eas

62 1023 241 1055 tantum
293 1009 505 1066 delegisse
552 1009 786 1062 videntur,
840 1025 951 1066 quae
991 1010 1169 1062 majoris
1208 1011 1395 1064 alicujus

62 1091 222 1142 poetae
264 1093 398 1126 c'antu
437 1079 700 1122 nobilitatae
746 1093 920 1134 essent,
963 1080 1140 1123 omissis
1171 1081 1250 1131 iis,
1283 1091 1397 1139 quae

63 1171 88 1197 a
119 1154 306 1196 minoris
338 1154 476 1195 famae
506 1150 652 1209 poetis
683 1153 923 1207 profectae,
954 1152 1108 1193 minus
1131 1152 1397 1196 viderentur

62 1228 205 1269 relatu
243 1223 519 1281 cognituque
562 1222 740 1279 dignae.
808 1227 864 1265 Et
905 1225 1072 1266 multae
1112 1221 1210 1265 sine
1253 1223 1395 1265 dubio

63 1299 247 1340 fuerunt
278 1297 452 1337 fabulae
480 1305 773 1350 pervetustae‚
807 1311 995 1351 quarum
1027 1306 1229 1337 auctores
1261 1310 1285 1336 a
1317 1309 1396 1351 po-

41 1367 191 1412 fsteris
230 1380 408 1420 prorsus
446 1364 788 1421 ignorabantur,
833 1378 876 1411 et
915 1381 1028 1422 quae
1067 1366 1230 1422 scripto
1271 1383 1397 1408 nun-

67 1454 200 1496 quam
252 1436 537 1493 consignatae
577 1451 723 1491 neque
763 1451 786 1478 a
836 1438 991 1480 multis
1039 1438 1264 1495 cognitae,
1315 1438 1400 1480 ali-

66 1508 282 1568 quamdiu
311 1509 358 1548 in
392 1505 655 1563 pauciorum
685 1507 924 1552 hominum
956 1524 1030 1552 ore
1060 1510 1288 1558 vivebant,
1322 1512 1401 1551 do-

65 1596 150 1624 nec
178 1576 411 1638 paullatim
442 1576 735 1627 interierunt;
769 1595 857 1636 quo
885 1597 937 1622 ex
961 1596 1121 1638 genere
1152 1580 1228 1622 illa
1260 1581 1400 1624 fuisse

66 1651 272 1699 arbitror,
307 1663 418 1706 quae
438 1650 491 1689 de
522 1650 838 1704 Porphyrione‚
874 1654 1072 1695 Colaeno
1106 1652 1296 1709 aliisque
1325 1670 1402 1697 re·-

69 1724 202 1781 gibus
234 1724 431 1775 Cecrope
464 1719 799 1776 antiquioribus
839 1724 949 1765 olim
982 1735 1153 1764 narrata
1186 1738 1278 1766 esse
1309 1725 1401 1767 sci-

67 1796 246 1849 maen),
307 1793 392 1834 Sed
421 1793 467 1832 in
501 1790 581 1839 HS,
624 1807 734 1847 quae
764 1796 988 1851 hodieque
1029 1806 1292 1850 supersunt,
1334 1798 1402 1839 fa-

60 1864 184 1913 >bulis
224 1864 398 1905 nullum
437 1861 658 1918 reperitur
698 1865 965 1922 vestigium,
1009 1882 1060 1908 ex
1100 1882 1188 1922 quo
1233 1868 1400 1922 conjici

50 1934 232 1994 possit,
275 1936 327 1975 de
369 1933 452 1980 ista
485 1935 684 1976 tribuum
717 1935 941 1979 divisione
971 1941 1024 1979 ab
1058 1937 1256 1994 antiquis
1287 1947 1402 1996 po&-

71 2006 131 2048 tis
173 2004 389 2047 traditum
433 2003 680 2060 quidquam
721 2021 828 2050 esse.
890 2009 1040 2051 Possit
1070 2009 1210 2066 igitur
1239 2010 1402 2066 aliquis

33 2064 40 2072 ⁸
73 2075 317 2133 suspicari,
361 2090 561 2117 manasse
602 2079 720 2120 hanc
759 2079 1060 2122 narrationem
1101 2097 1124 2123 e
1157 2082 1402 2138 deperditis

75 2146 362 2208 quibuspiam
401 2147 583 2196 fabulis,
637 2163 746 2204 quae
794 2151 1000 2208 Cecropis
1042 2152 1297 2209 Cranaique
1335 2168 1403 2195 res

75 2229 216 2277 gestas
255 2229 299 2260 et
338 2216 547 2260 instituta
587 2218 872 2271 celebrarin·t;
917 2234 1046 2280 atque
1078 2238 1158 2281 ego
1191 2223 1290 2280 ipse
1320 2224 1404 2266 ali-

77 2291 256 2346 quando
290 2292 342 2331 ab
374 2292 455 2331 hac
486 2291 705 2333 sententia
737 2309 829 2335 non
863 2294 1090 2338 abhorrui.
1150 2298 1305 2338 Postea
1337 2307 1405 2337 ta·-

76 2377 183 2404 men
223 2377 316 2403 eam
359 2361 648 2415 abjiciendam
690 2379 781 2407 esse
822 2367 951 2415 duxi,
999 2382 1102 2409 cum
1134 2379 1403 2424 reputarem,

77 2434 165 2475 hoc
196 2434 248 2475 ab
281 2432 485 2474 omnibus
518 2448 693 2476 summo
735 2451 951 2479 consensu
993 2438 1128 2488 tradi,
1170 2441 1222 2482 ab
1253 2438 1405 2479 'Atthi-

80 2503 174 2552 dis,
208 2502 442 2560 Cecropis,
485 2505 640 2550 Cranai
671 2506 780 2564 quin
810 2508 958 2554 Actaei
991 2525 1172 2571 quoque
1201 2508 1408 2556 nomini-

130 2651 188 2694 υ)
214 2652 494 2689 PansamAttic.
521 2668 603 2702 cap.
632 2669 685 2701 14.
712 2659 747 2704 §-
767 2659 815 2704 6.,
842 2665 882 2694 et
905 2671 985 2705 cap.
1011 2671 1066 2706 31·
1094 2661 1128 2705 §.
1154 2670 1189 2706 3.
