1706 3058
1316 143 1396 187 179

142 229 358 287 Reliquae
387 228 588 272 actiones
615 224 822 283 publicae
853 225 1108 272 ordinariae
1120 231 1286 275 'omnes
1304 253 1400 291 γρα.

56 306 135 360 «pac
164 301 398 351 dicuntur,
442 313 531 357 quo
572 298 760 340 nomine
800 300 930 342 latius
966 313 1146 359 accepto
1178 319 1398 349 nonnun-

56 391 194 434 quam
225 373 362 416 etiam
394 374 563 422 ἔνδειξις
592 381 637 411 et
668 370 792 424 φάσις
816 381 859 411 et
890 374 1115 427 quoddam
1150 378 1400 434 εἰσαγγελίας

53 461 221 506 genus,
255 447 309 486 de
341 457 430 501 quo
463 457 566 484 mox
593 441 840 483 dicendum
872 441 971 490 erit,
1007 449 1399 500 comprehendun-

53 522 208 570 tur²⁵).
279 518 422 572 Atque
453 514 601 570 ipsum
633 519 806 570 γραφῶν
845 528 1013 555 nomen
1058 518 1279 575 ostendit,
1325 536 1397 566 eac

53 589 118 631 ita
164 585 391 628 institutas
436 600 550 633 esse,
604 595 657 626 ut
705 596 983 627 accusatores
1025 585 1201 630 libellos
1244 594 1397 635 trade-

49 671 148 704 rent
186 658 241 700 iis
279 653 639 711 magistratibuS,
690 657 742 699 ad
783 671 979 714 quorum
1027 658 1397 711 jurisdictionem

51 744 257 788 quaeque
289 740 416 769 causa
446 725 702 782 pertineret.
765 729 914 786 Γραφή
938 728 1080 770 'enim
1120 732 1299 788 proprie
1329 735 1396 777 nil

50 801 176 844 aliud
207 811 297 849 est,
331 813 465 854 quam
499 799 766 841 accusatoris
798 800 989 842 libellus·
1050 801 1173 844 Huic
1204 804 1395 850 inscribi

50 872 350 930 oportebat²⁶)
382 869 583 925 primum
615 870 828 926 temporis
861 871 1237 928 designationem,
1271 878 1396 931 dein,

49 946 169 1001 apud
201 959 335 1000 quern
365 940 690 997 magistratum,
724 947 852 994 cujus
884 957 1054 986 nomen
1086 959 1109 985 a
1139 960 1230 1002 quo
1262 963 1395 992 accu-

47 1027 196 1060 satore
229 1016 424 1056 delatum
455 1022 582 1059 esset,
617 1023 715 1053 turn
747 1012 890 1068 ipsius
912 1015 1211 1058 accusationis
1244 1019 1394 1076 capita

46 1087 308 1146 praecipua,
359 1096 402 1128 et
440 1099 612 1141 poenae
644 1083 1029 1135 aestimationem,
1086 1086 1125 1128 si
1167 1092 1391 1142 ejusmodi

46 1172 140 1203 erat
181 1158 422 1212 delictum,
469 1157 524 1197 de
568 1170 658 1212 quo
705 1157 827 1197 nulla
867 1168 985 1199 certa
1025 1173 1172 1214 poena
1213 1160 1391 1217 legibus

44 1229 294 1273 constituta
317 1240 457 1277 esset;
490 1226 698 1284 alioquin
727 1226 795 1268 illi
817 1227 1123 1272 aestimationi
1147 1230 1272 1273 locus
1294 1247 1390 1275 non

46 1313 160 1351 erat3
201 1300 400 1357 denique
453 1298 669 1356 κλητήρων
717 1298 918 1345 nomina.
987 1302 1093 1345 Post
1134 1303 1391 1348 exhibitum

43 1372 322 1431 magistratui
359 1373 563 1414 libellum
605 1373 874 1428 sequebatur
911 1372 1115 1429 primum
1156 1372 1388 1433 ἀνάκρισις,

45 1455 144 1486 turn
177 1443 392 1484 instructa
425 1454 471 1484 et
500 1454 745 1485 contest-ata
779 1458 910 1485 causa
950 1443 1251 1487 Heliastarum
1290 1450 1389 1490 suf-

43 1514 195 1572 fragiis
243 1514 592 1566 permittebatur.
672 1516 828 1557 Cetera
869 1514 1136 1572 singulatim
1174 1520 1388 1576 persequi

43 1601 165 1629 nunc
196 1600 288 1626 non
321 1599 434 1642 opus
467 1597 547 1630 est,

129 1674 255 1724 Quae
287 1683 436 1712 autem
466 1682 689 1727 praeterea
721 1687 745 1713 a
774 1673 958 1715 Polluce
989 1681 1388 1731 memorantur²⁷):

42 1746 264 1797 δοκιμασία
275 1777 286 1795 ,
321 1741 501 1796 εὖθύνη,
535 1740 754 1800 ἐπαγωγή,
786 1747 1035 1801 ἐφηγεῖσθαι
1065 1746 1286 1804 (ἐφήγησις
1316 1765 1384 1808 ap.

43 1814 171 1857 Suid.
203 1824 247 1856 et
275 1816 496 1870 Etymol.)
535 1812 821 1872 ἀνδρολήψιον
834 1851 845 1869 ,
890 1817 1099 1872 προβολή,
1143 1823 1383 1879 εἰσαγγελία,

42 1885 208 1928 diversi
238 1897 344 1928 sunt
374 1885 561 1941 generis,
621 1889 736 1928 Nam
762 1891 983 1943 δοκιμασία
1014 1901 1059 1931 et
1091 1889 1252 1949 εὖθύνη
1282 1910 1386 1952 pro-

39 1956 139 2014 prie
170 1971 263 1999 non
293 1959 526 2000 actionum
557 1957 742 2000 nomina
765 1970 894 2014 sunt,
926 1961 1003 2002 sed
1033 1960 1238 2018 ipsorum
1267 1967 1384 2020 judi-

41 2028 244 2077 ciorum,
285 2043 398 2086 quae
439 2030 492 2071 de
523 2030 868 2087 magistratubus
906 2043 983 2075 aut
1014 2034 1265 2078 oratoribus
1296 2041 1382 2082 ha·-

40 2100 278 2159 bentur²⁸).
334 2099 560 2158 ’Λπαγωγή
593 2113 742 2144 autem
774 2114 817 2144 et
847 2105 1049 2161 ἐφήγησις
1080 2118 1167 2160 est,
1207 2109 1245 2150 si
1278 2111 1380 2168 quis

40 2172 332 2214 manifestum
375 2172 628 2214 maleficum
676 2186 752 2216 aut
794 2175 890 2232 ipse
931 2176 978 2217 in
1017 2176 1198 2220 vincula
1237 2181 1380 2236 ducit,

40 2255 119 2285 aut
158 2243 377 2287 arcessitis
418 2243 756 2300 magistratibus
797 2247 846 2288 in
890 2245 1076 2290 vincula
1120 2250 1379 2296 ducendum

89 2398 149 2442 25)
182 2398 316 2433 Pollux
341 2401 446 2435 VIII.
479 2413 536 2446 40.
560 2414 616 2447 41.
641 2402 690 2438 cf.
719 2403 924 2447 Matthiae,
962 2415 998 2450 p.
1031 2416 1109 2451 250.
1141 2417 1178 2442 n.
1203 2418 1232 2442 1.

89 2480 148 2524 26)
172 2482 476 2519 Illustrissimum
501 2486 587 2520 talis
615 2487 737 2522 libelli
757 2489 973 2534 exemplum
993 2495 1052 2524 est
1067 2490 1266 2526 Aeschinis
1284 2504 1374 2539 γρα-

40 2539 92 2588 φή
112 2543 210 2588 apud
238 2545 538 2582 Demosthenem
559 2546 607 2582 de
629 2559 757 2584 coron.
772 2561 808 2596 p.
831 2562 910 2597 243.

89 2611 148 2657 27)
184 2613 290 2647 VIII.
319 2626 376 2659 40.
405 2627 462 2660 41.

88 2680 148 2724 28)
183 2682 317 2717 Pollux
347 2684 451 2719 VIII.
481 2697 537 2731 44.
573 2696 630 2732 45.
