1706 3058
1355 110 1435 154 565

103 218 311 268 Ionidae,
345 218 660 266 Semachidae‚
691 218 962 268 Paeonfflae,
992 217 1244 265 Phinidae,
1284 222 1438 263 Scam-

102 291 319 339 bonidae‚
354 289 632 333 Cothocidae
663 290 825 346 aliique
849 291 1004 338 multi;
1038 305 1143 331 nam
1176 289 1325 331 omnia
1346 291 1439 342 ,ista

102 363 289 404 nomina
314 375 588 403 ‚enumerare
629 363 818 418 longum
861 372 926 402 est
967 371 1011 400 et
1041 375 1435 416 supervacaneum,

100 448 204 475 cum
236 448 260 474 e
300 418 463 474 multis
498 432 856 488 pervulgatisque
895 429 1022 472 libris
1063 431 1192 473 facile
1223 447 1247 474 a
1276 433 1436 490 quovis

101 503 311 561 cognosci
353 503 542 559 possint.

187 577 278 617 Sed*
302 586 551 630 permutata
582 575 629 615 in
660 576 781 616 hunc
811 577 999 616 modum
1031 574 1233 616 tribuum
1266 576 1437 617 deseri»

99 646 277 705 ptione,
315 648 577 702 phratorum
610 658 758 688 tamen
791 647 1118 703 gentiliumque
1157 659 1306 688 vetera
1338 650 1434 689 col..

99 718 216 775 legia
247 732 339 759 non
370 716 507 758 simul
540 733 641 759 cum
683 718 878 774 antiquis
910 719 1118 760 tribubus
1153 718 1436 762 dissolvenda

101 789 352 832 Clisthenes
385 787 575 843 putavit,
606 789 826 845 religione
851 790 1134 841 potissimum
1166 803 1433 840 commotus,

101 875 159 901 ne
188 873 309 901 sacra
330 873 485 900 eorum
520 861 776 902 communia
800 861 1053 906 interirent.
1112 864 1175 904 Ad
1197 863 1296 908 hoc,
1331 876 1437 904 cum

97 930 342 973 sacerdotia
374 929 565 986 plurima
596 943 640 972 et
670 931 980 988 augustissima
1012 932 1142 974 certis
1165 932 1437 989 quibusdam

98 1002 307 1061 gentibus
339 1001 549 1043 attributa
581 1003 831 1059 antiquitus
864 1015 1030 1054 essent,
1071 1019 1216 1059 neque
1246 1006 1301 1044 ab
1335 1005 1434 1046 aliis

97 1073 188 1116 nisi
219 1072 462 1130 gentilibus
495 1073 580 1115 rite
611 1074 707 1133 capi
739 1087 917 1130 possent
931 1079 1006 1127 ⁴²),
1040 1075 1243 1130 gentium
1277 1076 1434 1118 discri-

98 1145 222 1187 mine
261 1146 433 1186 sublato
485 1145 606 1201 ipsae
647 1148 830 1187 deorum
871 1145 1110 1202 religiones
1150 1149 1435 1202 perturbatae

98 1228 141 1259 et
171 1217 359 1258 violatae
391 1217 548 1257 forent.
609 1219 762 1272 Itaque
801 1214 981 1258 relictae
1011 1229 1114 1259 sunt
1144 1233 1166 1258 a
1201 1217 1434 1261 Clisthene

95 1300 248 1347 gentes
279 1298 324 1330 et
353 1287 597 1343 phratriae‚
650 1298 695 1328 et
735 1299 891 1343 postca
936 1301 1118 1345 quoque·
1155 1306 1232 1346 per
1275 1305 1431 1333 omnes

94 1358 368 1417 reipublicae
398 1357 734 1399 vicissitudines
767 1357 815 1398 in
847 1369 1043 1401 extrema
1086 1372 1287 1417 tempora
1326 1379 1434 1418 per-

99 1434 327 1474 durarunt.
384 1433 487 1471 Erat
517 1439 665 1470 autem
696 1443 846 1469 earum
873 1427 989 1470 ratio
1020 1445 1043 1470 a
1073 1433 1203 1473 novis
1225 1434 1431 1479 tribubus

95 1503 323 1558 curiisque
353 1515 530 1557 prorsus
563 1501 735 1541 decreta
766 1509 899 1554 atque
929 1504 1142 1555 sejuncta,
1175 1503 1236 1545 ita
1273 1517 1323 1548 ut
1353 1507 1430 1563 qui

95 1572 286 1632 gentiles
323 1571 445 1614 inter
486 1586 533 1613 se
575 1572 775 1626 ideoque
815 1570 951 1613 etiam
1003 1575 1228 1629 phratores
1268 1591 1429 1634 essent,

96 1645 320 1689 curiarum
361 1655 511 1686 tamen
551 1654 594 1684 et
634 1642 834 1684 tribuum
874 1643 1148 1687 diversarum
1188 1663 1281 1689 esse
1319 1666 1432 1706 pos..

96 1721 271 1768 sent⁴³).
338 1719 475 1759 Porro
514 1726 686 1765 autem,
735 1730 839 1757 cum
879 1729 1034 1756 omnes
1077 1717 1263 1760 omnino
1305 1720 1428 1764 cives

95 1789 287 1844 Atticos,
336 1784 643 1841 adscripticios
685 1800 778 1827 non
818 1785 969 1829 minus
1012 1803 1144 1845 quam
1193 1792 1426 1845 genuinos,

96 1861 146 1902 in
174 1874 262 1901 una
293 1857 439 1913 aliqua
470 1856 592 1898 tribu
623 1867 666 1898 et
688 1857 810 1899 curia
829 1860 998 1900 censeri
1030 1871 1264 1916 oporteret,
1297 1866 1427 1919 phra-

95 1943 249 1973 torum
279 1929 606 1986 gentiliumque
645 1929 840 1986 collegiis
872 1929 905 1970 ii
937 1941 1111 1971 tantum
1141 1930 1426 1988 recipieban-

96 2014 190 2053 tur,
241 2001 319 2058 qui
358 2000 550 2057 genuina
589 1999 727 2056 stirpe
768 2001 913 2043 Attica
954 2001 1136 2043 oriundi
1187 2011 1420 2059 essent⁴⁴)‚

97 2074 386 2129 quamobrem
415 2070 672 2126 saepissime
706 2073 758 2113 ab
789 2072 1034 2114 oratoribus
1065 2077 1326 2130 phratorum
1357 2077 1426 2119 in-

98 2144 220 2185 dices
251 2143 524 2186 adhibentur
563 2145 617 2184 ad
655 2146 931 2200 probandam
971 2144 1178 2203 εὗγένειαν
1217 2161 1261 2191 et
1290 2162 1422 2193 nata-

94 2214 207 2256 lium
238 2213 558 2258 sinceritatem.

141 2370 202 2414 42)
227 2369 309 2404 Vid.
336 2371 487 2418 Taylor.
515 2371 562 2404 ad
585 2373 744 2418 Lycurg-
770 2386 807 2419 p.
832 2385 904 2418 ¹23·
935 2375 1055 2410 Oratt.
1083 2377 1149 2411 Gr.
1175 2378 1283 2412 Tom.
1312 2379 1415 2412 VIII.

95 2430 220 2464 Reisk.

139 2500 201 2544 43)
231 2500 288 2535 Cf.
315 2499 496 2536 Niebuhr.
524 2502 621 2536 Hist.
646 2504 756 2538 Rom.
782 2505 889 2540 Tom.
917 2506 947 2539 I.
974 2517 1009 2551 p.
1038 2519 1116 2553 229.

141 2584 203 2678 ἵ.)
237 2585 424 2631 Aristoph·
459 2586 555 2621 Ran.
586 2598 666 2631 420.
713 2588 776 2629 ΑΥ.
819 2589 904 2634 765,
940 2602 1028 2627 cum
1059 2592 1194 2639 inttpp.
1240 2593 1287 2627 cf.
1326 2594 1408 2628 Nie—

93 2644 144 2679 bu
173 2656 201 2679 r.
226 2645 250 2678 l.
278 2646 302 2680 l.
