1706 3058
232 182 287 226 88

236 300 336 341 net,
375 292 499 348 quod
529 307 656 350 supra
687 293 912 347 vidimus,
940 295 1131 352 posteris
1160 294 1432 352 temporibus
1462 291 1560 338 suf..

236 363 374 420 fragia
406 364 586 406 Senatui
618 375 662 406 et
690 368 858 424 populo
885 369 984 410 data
1024 381 1115 409 esse
1157 369 1208 408 ab
1247 365 1317 408 his
1354 365 1559 446 Proedria

236 447 366 476 non·
377 433 719 478 contribulibus.

324 506 409 546 Sed
446 506 496 545 ab
539 505 742 562 utrisque
782 508 988 550 Proedris
1043 508 1409 565 distinguendam
1450 517 1561 564 puto

240 573 362 616 illam
395 575 581 625 tribum,
627 593 738 634 quae
768 581 821 620 ab
852 580 1070 622 Aeschine
1099 591 1233 635 atque
1262 578 1564 622 Demosthene

242 644 413 687 dicitur
451 646 481 701 ἦ
516 650 823 704 προεδρεύουσα
861 651 995 705 φυλή,
1039 665 1304 706 quamquam
1343 649 1563 692 Luzacius

241 717 427 757 eandem
459 720 574 759 hauc
592 731 718 774 putat
738 727 869 776 at'que
889 721 962 775 τὴν
984 721 1319 776 πρυτανεύουσαν
1332 725 1400 771 ²⁸).
1460 722 1564 763 Non

242 785 536 838 meminerat,
588 791 773 846 opinor,
823 793 944 846 quod
999 794 1050 832 ab
1103 791 1323 833 Aeschine
1361 790 1564 840 traditur,

241 867 426 912 propter
456 848 685 901 Timarchi
718 861 862 910 illius,
904 866 1030 913 cujus
1073 860 1305 902 infamiam
1344 862 1567 902 luculenta

242 927 476 970 Aeschinis
518 929 658 971 oratio
701 933 753 972 ad
803 931 949 973 omnis
990 931 1261 989 posteritatis
1304 930 1568 991 memoriani
1617 975 1619 977 ,

245 999 534 1053 propagavit,
578 1002 872 1056 petulantiam
911 1014 1040 1059 atque
1074 1002 1424 1051 immodestiam,
1463 1016 1568 1055 cum

245 1082 339 1110 non
372 1069 633 1121 dubitasset,
665 1072 714 1113 in
746 1072 853 1129 ipsis
886 1073 1101 1124 comitiis,
1131 1073 1401 1129 adspiciente
1430 1087 1567 1129 popu-

246 1139 318 1189 lo,
348 1153 451 1182 cum
483 1143 737 1185 adversario
768 1143 930 1200 pugnis
952 1145 1233 1197 contendere,
1264 1146 1406 1199 legem
1439 1146 1570 1185 latam

245 1224 354 1258 esse,
388 1222 439 1252 ut
461 1211 507 1253 in
532 1213 722 1269 singulis
755 1213 969 1266 comitiis,
1000 1229 1088 1255 una
1121 1214 1262 1263 tribus
1294 1226 1411 1256 sorte
1441 1229 1570 1270 cape-

245 1291 392 1330 ntur,
426 1298 538 1338 quae
566 1284 836 1340 praesideret
865 1283 914 1324 in
955 1299 1066 1340 sugg
1069 1297 1164 1326 estu
1194 1297 1324 1340 atque
1356 1283 1571 1337 ejusmodi

248 1353 525 1408 perditorum
554 1354 789 1397 hominum
811 1355 1098 1410 petulantiam
1121 1368 1161 1397 et
1183 1358 1382 1397 furorem
1402 1370 1571 1398 coerce-

245 1435 332 1466 ret.
395 1428 684 1481 Προσὲθεσθε,
716 1425 877 1482 inquit,
911 1427 1055 1470 καινὸν
1085 1428 1214 1482 νόμον
1246 1427 1343 1482 μετὰ
1371 1426 1416 1470 τό
1447 1425 1572 1470 καλὸν

248 1496 515 1552 παγκράτιον,
547 1496 571 1540 ὅ
591 1491 712 1546 οὗτος
731 1501 1044 1553 ἐπαγκρατίασεν
1067 1499 1109 1539 ἐν
1139 1503 1191 1554 τῇ
1219 1499 1418 1555 ἐκκλησίᾳ.
1449 1495 1572 1552 ὕπερ-

249 1569 539 1620 αισχυνθέντες
569 1567 646 1623 γὰρ
677 1571 742 1610 ἐπὶ
770 1574 827 1625 τῷ
854 1567 1078 1623 πράγματι,
1109 1563 1204 1608 καθ’
1234 1566 1404 1622 ἑκάστην
1434 1569 1572 1621 ἐκκλη-

247 1639 368 1690 σίαν,
408 1638 537 1692 νόμον
565 1639 739 1693 ἐθήκατε
767 1638 932 1691 καινὸν,
976 1637 1240 1692 ἀποκληροῦν
1271 1636 1406 1691 φυλὴν
1437 1638 1502 1681 ἐπὶ
1529 1635 1574 1680 τὰ

249 1711 384 1762 βῆμα,
413 1708 502 1762 ἥτις
520 1709 783 1766 προεδρεύσει
797 1713 866 1759 ²⁹).
926 1712 1095 1750 Recens
1115 1707 1254 1764 igitur
1277 1706 1355 1749 illo
1376 1719 1575 1764 tempore

249 1788 345 1818 erat
375 1780 459 1820 hoc
489 1779 774 1829 institutum3
817 1794 961 1835 neque
992 1788 1263 1820 memoratur
1293 1791 1316 1819 a
1347 1792 1574 1836 quoquam

251 1848 510 1862 -ὴ-
1136 1861 1138 1865 «

300 1880 359 1922 28)
387 1881 428 1914 L.
455 1881 480 1915 l.
508 1882 542 1927 ἓ.
569 1883 601 1916 6,
628 1895 664 1927 p.
695 1895 768 1917 101.

301 1941 360 1985 ²9)
387 1942 555 1977 Aeschin.
584 1943 666 1977 adv.
691 1942 879 1976 Timarch.
907 1953 942 1987 p.
969 1951 1025 1988 57.
1051 1943 1096 1976 R.
1122 1941 1303 1986 Taylorus
1336 1941 1431 1977 haec
1455 1942 1570 1976 adno-

255 2007 330 2035 tat:
359 2004 489 2048 „Lege
512 2003 663 2048 itaque,
688 2009 728 2037 ut
755 2003 925 2046 videtur,
957 2009 1106 2037 cautum
1132 2008 1233 2043 erat,
1260 2008 1302 2035 ut
1325 2001 1372 2035 ad
1394 2002 1574 2038 immode-

253 2062 365 2096 stiam
391 2070 581 2098 oratorum
606 2062 934 2108 compescendam,
972 2070 1187 2109 suggestum
1222 2063 1486 2105 ascenderent,
1525 2074 1571 2098 eo

255 2124 390 2158 ordine
414 2131 580 2168 servato,
615 2135 727 2171 quem
750 2123 868 2157 tribus
901 2123 940 2156 in
971 2122 1148 2169 προεδρίᾳ
1182 2126 1416 2157 servarent.“
1473 2124 1578 2158 Haec

253 2194 316 2218 me
341 2196 416 2219 non
442 2185 658 2231 intelligere
682 2185 815 2219 fateor.
874 2186 969 2218 Nam
1004 2185 1085 2230 quis
1118 2190 1173 2218 est
1204 2183 1275 2217 iste
1309 2183 1423 2232 ordo,
1463 2186 1576 2229 quem

251 2244 372 2279 tribus
397 2246 434 2279 in
459 2244 637 2291 προεδρίᾳ
662 2247 874 2286 servabant3
901 2251 939 2279 et
963 2245 1027 2278 ubi
1051 2245 1158 2278 illum
1179 2243 1400 2278 servabant?
1434 2244 1480 2276 In
1505 2243 1575 2277 Co-

253 2292 398 2340 mitiis?
432 2306 506 2340 hoc
538 2306 749 2341 docendum
789 2311 887 2345 e1·at;
935 2306 998 2339 sed
1034 2305 1162 2340 doceri
1195 2313 1388 2349 nunquam
1422 2300 1577 2346 poterit.

254 2366 347 2400 Erat
371 2378 461 2401 sane
494 2368 619 2401 certus
655 2366 806 2413 quidam
839 2366 1007 2400 tribuum
1040 2367 1153 2408 ordo,
1189 2363 1255 2398 sed
1278 2363 1310 2397 is
1334 2361 1380 2396 ad
1404 2361 1580 2396 militiam

251 2432 398 2460 tantum
410 2427 634 2471 pertinebat,
659 2437 784 2471 neque
794 2425 887 2460 ordo
907 2428 944 2460 in
963 2440 992 2462 π
1004 2442 1022 2471 ρ
1037 2441 1082 2464 οε
1097 2425 1120 2462 ὃ
1129 2428 1204 2473 ρίᾳ
1216 2424 1291 2458 dici
1307 2428 1442 2468 potest.
1468 2422 1579 2456 Prae·

253 2491 361 2522 terea
384 2498 422 2520 111
447 2487 641 2522 Aeschinis
666 2486 790 2521 verbis
809 2494 932 2522 certus
958 2488 1062 2531 ordo,
1089 2497 1201 2532 quem
1220 2489 1426 2526 servarent,
1449 2482 1513 2529 qui
1538 2481 1580 2516 in

256 2553 435 2592 suggestu
455 2547 734 2592 praesiderent,
761 2548 872 2592 plane
894 2547 1018 2580 nullus
1052 2553 1310 2588 memoratur,
1351 2540 1417 2576 sed
1443 2535 1582 2586 Taylo-

255 2620 319 2643 rus
339 2608 391 2642 ita
407 2609 682 2652 interpretatur
697 2633 705 2648 ,
738 2607 842 2653 quasi
861 2606 1005 2640 diceret
1025 2613 1171 2642 orator:
1200 2602 1279 2651 ἥτις
1295 2603 1344 2640 ἔν
1361 2597 1583 2649 προεδρεῦσῃ

253 2677 296 2702 nt
320 2681 363 2702 ea
388 2666 504 2702 tribus
530 2669 567 2702 in
592 2675 766 2715 suggestu
795 2665 1025 2709 consideret,
1053 2667 1155 2713 cujus
1178 2678 1219 2701 eo
1244 2673 1412 2711 temporo
1433 2673 1584 2708 προε·

248 2727 361 2776 δρία
391 2736 491 2764 esset.
542 2729 615 2764 Sed
636 2729 709 2764 hoc
725 2728 832 2763 nihili
856 2734 925 2762 est.

1685 1616 1703 1682 “—Q
1687 1524 1706 1586 3·-

1690 2989 1698 2996 ·
1695 2941 1706 2948 .·
1693 2831 1706 2911 ...Α-
1694 2766 1706 2822 esu—.-
1696 2751 1698 2753 v
1690 1977 1706 2739 m.u.—„Afflnam=—mffim.—o.
1688 1882 1706 1967 ..fis—⁴⁸.
1683 1817 1706 1873 —44
1700 1793 1706 1808 Α
1686 1699 1706 1778 ιιι-..ἐπίΜ
