1706 3058
1336 56 1414 102 521

97 158 166 202 nis
195 166 253 219 τῷ
280 163 401 219 ταμίᾳ
428 165 501 215 τῆς
531 159 788 213 διοικήσεως,
819 159 875 201 ad
910 160 1313 202 contrascribendas
1345 178 1414 207 ac-

94 242 327 288 ceptorum
359 243 403 273 et
433 244 723 286 expensorum
755 232 996 282 tabulas⁵²).
1064 230 1149 271 Hic
1188 237 1413 285 quomodo

89 311 261 344 creatus
302 301 381 352 sit,
433 316 565 342 nemo
606 301 821 356 scriptum
861 300 1066 355 reliquit;
1109 301 1204 343 veri
1236 303 1410 346 similli-

92 387 219 414 mum
251 384 398 414 tamen
429 384 504 423 est,
535 371 649 413 sicut
678 370 873 427 priorem
895 371 1039 422 illum,
1070 373 1131 414 ita
1152 375 1271 417 hunc
1301 390 1409 430 quo-

90 457 180 497 que
209 458 232 485 a
268 447 435 501 populo
466 453 664 498 cpeatum
696 457 799 484 esse.

171 517 306 557 Erant
354 514 488 556 etiam
536 523 757 556 curatores
806 511 989 570 quidam
1035 515 1276 567 festorum,
1330 519 1410 575 qui

85 600 110 628 a
139 586 302 647 populo
333 588 615 633 creabantur,
657 585 779 625 velut
818 588 860 627 οἱ
886 586 1114 638 ἐπιμεληταὶ
1151 594 1231 630 ταῖν
1262 608 1411 646 μυστη-

85 661 210 714 ρίων,
250 656 328 713 qui
362 671 464 697 cum
494 659 612 710 Rege
643 668 868 696 sacrorum
900 655 1145 697 Eleusiniis
1178 661 1407 702 celebran-

84 729 150 771 dis
182 720 492 785 praeerant⁵³);
534 737 755 783 praeterea
792 725 1004 782 praefecti
1045 728 1408 785 Gymnasiorum‚

83 802 378 856 σωφρονισταί,
413 797 517 840 deni
548 796 786 854 quotannis
806 812 828 837 e
859 796 1042 853 singulis
1073 797 1277 841 tribubus
1318 802 1408 843 sin-

83 871 180 929 guli
231 869 445 924 creati⁵⁴)‚
522 869 640 911 Cum
688 867 759 909 his
811 883 899 909 una
951 871 1406 927 Hyposophronistae,

81 944 335 991 Cosmetae‚
367 939 692 982 Anticosmetae
725 938 951 981 nominari
984 943 1128 982 solent
1159 941 1207 981 in
1238 946 1408 986 Inscri-

80 1011 333 1070 ptionibus,
366 1010 444 1067 qui
475 1011 702 1067 quomodo
735 1009 868 1052 creati
899 1010 1003 1060 sint,
1036 1013 1179 1070 legere
1208 1030 1280 1057 me
1310 1032 1404 1059 non

79 1082 287 1125 memini.

170 1153 384 1196 Patronos
414 1152 697 1210 publicarum
729 1167 960 1197 causarum
990 1160 1249 1213 (συνδίκους,
1281 1177 1404 1219 ‹5va-

76 1224 248 1282 γόρους)
279 1238 303 1264 a
333 1225 503 1281 populo
535 1235 701 1266 creatos
738 1229 825 1277 jam
866 1240 998 1282 supra
1028 1233 1407 1274 commemoravi-

76 1308 192 1337 mus.
260 1297 397 1336 Erant
435 1293 482 1335 hi
525 1306 600 1336 aut
641 1306 915 1337 accusatores
956 1298 1126 1351 publici
1168 1300 1218 1340 in
1258 1304 1406 1345 causis

77 1380 102 1407 a
128 1366 298 1421 populo
330 1366 385 1406 ad
416 1364 710 1407 Heliasticum
740 1365 961 1418 judicium
991 1369 1190 1423 reJectis,
1222 1383 1297 1414 aut
1326 1386 1411 1430 pan?

77 1435 200 1478 troni
240 1437 390 1493 legum
433 1436 716 1492 antiquarum
768 1438 886 1492 apud
937 1439 1242 1484 Nomothetas.
1321 1447 1408 1488 Sed

77 1517 203 1549 erant
245 1507 321 1548 alii
368 1521 546 1563 quoque
586 1505 770 1559 Syndici
803 1509 856 1548 ad
888 1510 1101 1564 agendam
1131 1511 1408 1568 reipublicae

79 1591 258 1620 causam
291 1590 446 1620 contra
477 1579 607 1620 aliam
639 1578 895 1634 quampiam
927 1579 1156 1623 civitatem
1188 1587 1305 1640 apud
1337 1602 1409 1628 ex-

78 1659 255 1689 traneos
285 1647 457 1700 judices
487 1665 512 1690 a
543 1650 712 1704 populo
747 1649 894 1693 creati,
944 1649 1041 1701 Ita,
1073 1667 1176 1695 cum
1209 1657 1263 1698 de
1293 1668 1406 1700 tem.

5 1714 9 1720 ’
75 1720 151 1775 plo
182 1717 402 1774 Apollinis
431 1718 613 1760 Deliaco
645 1719 942 1762 controversia
973 1721 1090 1763 inter
1111 1725 1405 1770 Athenienses

75 1790 317 1846 Deliosque
372 1800 466 1830 orta
517 1799 630 1829 esset
677 1788 984 1847 iudiciumque
1027 1796 1403 1851 Amphictyonico

76 1858 276 1903 concilio
309 1858 622 1906 commissum,
660 1860 895 1903 Aeschines
917 1863 970 1903 ad
1001 1865 1320 1908 defendendam
1351 1868 1404 1909 in

78 1945 132 1973 eo
162 1929 334 1985 iudicio
365 1929 537 1972 civium
577 1945 759 1972 suorum
799 1946 973 1975 causam
1005 1949 1028 1975 a
1065 1939 1236 1992 populo
1278 1953 1404 1980 crea-

78 2012 151 2042 tus
182 2004 321 2052 est⁵⁵).
383 2001 512 2042 Tales
543 2011 692 2042 autem
723 2002 906 2055 syndici
938 2004 1100 2047 diversi
1132 2019 1293 2049 etanta
1321 2013 1403 2063 Py-

76 2071 241 2128 lagoris
272 2087 352 2114 seu
383 2069 616 2113 ordinariis
656 2072 812 2129 legatis
851 2076 1258 2131 Amphictyonicis,
1291 2095 1403 2136 quos

122 2211 184 2256 52)
211 2211 435 2256 Harpocrat.
461 2211 487 2246 1.
513 2211 540 2245 l.
567 2217 606 2246 et
633 2212 733 2249 Suid.
761 2214 809 2249 cf.
834 2215 977 2252 Backh.
1003 2217 1027 2250 1.
1054 2217 1080 2252 l.

125 2294 186 2338 55)
211 2294 300 2328 Lex.
325 2295 438 2329 Rhet.
462 2294 577 2328 Bekk.
602 2306 639 2340 p.
666 2307 744 2343 279.
777 2298 931 2343 Pollux,
962 2300 1069 2335 VIII.
1094 2313 1150 2348 90.
1175 2303 1400 2350 Haipocrat.

81 2366 110 2389 s.
136 2367 172 2389 v.
193 2359 234 2390 et
255 2354 306 2390 ih.
341 2355 524 2389 Valesius,

127 2438 188 2483 54)
214 2438 302 2473 Lex.
328 2437 439 2473 Rhet.
464 2436 582 2473 Bekk.
609 2449 646 2484 p.
671 2449 750 2484 301.
784 2441 951 2486 Etymol.
986 2444 1042 2479 M.
1079 2456 1108 2481 s.
1133 2458 1165 2479 v.
1194 2447 1338 2481 Corsin.
1364 2449 1402 2483 F.

83 2497 125 2531 A.
149 2497 247 2532 Diss.
281 2499 345 2533 XI.
380 2504 414 2538 8.

128 2582 192 2627 55)
218 2581 414 2617 Demosth.
441 2580 489 2617 de
513 2592 638 2619 coron·
664 2594 700 2629 p.
726 2595 804 2632 2?¹·
830 2597 906 2632 272.
