1706 3058
1328 138 1412 183 227

73 227 134 268 de
164 240 218 267 eo
249 223 465 280 permisit.
525 227 681 280 Itaque
712 224 760 265 in
794 224 1039 267 'custodiam
1073 228 1198 269 datus
1218 239 1263 269 et
1281 231 1409 286 Athe-

75 310 153 338 nas
193 298 407 338 reductus
448 308 540 345 est,
579 297 745 348 verbe,
784 306 836 337 ut
876 297 1174 348 judicaretur,
1215 315 1261 341 re
1279 308 1408 354 “vera‚

72 379 125 410 ut
154 367 377 424 supplicio
422 367 686 409 afficeretur.
759 369 862 407 Huc
900 369 978 409 ubi
1019 383 1283 425 perventum
1329 388 1407 426 est,

74 439 236 482 concio
282 440 524 481 advocatur
564 437 857 479 tumultuarie
898 449 940 480 et
978 452 1130 482 contra
1172 443 1310 500 leges,
1351 462 1410 489 ne

72 511 211 553 servis
245 509 428 566 quidem
449 520 494 550 et
514 508 762 565 peregrinis
786 509 983 551 exclusis.
1044 513 1266 557 Producto
1290 521 1407 561 Pho-

72 582 197 624 cioni
228 596 333 637 prae
364 583 557 623 clamore
589 591 634 621 et
675 583 876 622 tumultu
915 584 1034 623 nulla
1068 583 1117 624 fit
1147 600 1303 628 causae
1336 590 1410 635 di,

72 654 236 695 cendae
266 663 474 704 potestas.
534 653 786 708 Agnonides
826 652 1103 709 rogationem
1147 658 1198 696 ad
1231 660 1410 713 plebem

72 725 182 776 fert,
234 735 285 766 ut
325 721 534 779 suffragia
588 723 833 774 ferrentur,
875 725 1163 770 videreturne
1205 731 1411 776 Phocion

71 794 262 838 crimine
292 793 459 842 teneri,
499 809 584 836 nec
612 810 692 845 ne3
733 806 885 851 atque,
925 798 962 838 si
996 799 1134 840 teneri
1167 800 1408 855 videretur,

66 879 122 911 ,ut
155 865 304 922 capite
333 880 496 922 poenas
529 867 665 907 daret.
738 869 865 909 Hanc
910 871 1038 924 plebs
1073 871 1246 922 sciscit,
1287 877 1410 917 Pho-

60 918 251 980 (cionem
282 938 570 986 condemnat,
602 938 828 993 supplicio
854 939 1008 985 afficit.
1072 946 1122 983 In
1152 942 1220 984 his
1253 946 1408 987 omni..

69 1010 154 1050 bus
186 1008 366 1049 nullum
406 1019 470 1049 est
506 1008 703 1065 legitimi
745 1009 914 1051 ordinis
946 1012 1268 1070 vestigium²⁶).

467 1307 512 1353 C
540 1307 597 1354 A
625 1309 671 1354 Ρ
715 1308 768 1353 U
801 1309 849 1355 T
945 1313 1012 1358 V.

75 1417 147 1462 De
182 1416 373 1476 querela
403 1417 533 1476 apud
553 1419 810 1476 populum,
850 1426 1061 1479 προβολῇ,
1102 1387 1149 1464 et
1176 1423 1233 1468 de
1263 1393 1404 1472 acca}

291 1520 483 1562 sationis
521 1520 900 1577 denunciatione,
953 1525 1179 1584 ἐπαγγελίᾳ.

155 1685 220 1728 Ab
251 1682 344 1736 his,
376 1684 429 1724 de
461 1682 624 1740 quibus
657 1686 800 1726 adhuc
830 1685 1106 1742 disputatum
1139 1701 1226 1740 est,
1269 1708 1403 1738 accu-

64 1755 319 1799 sationibus
351 1754 744 1812 delationibusque
775 1758 826 1798 ad
850 1759 1071 1813 populum
1102 1760 1405 1809 diversissima

68 1839 136 1870 est
167 1842 217 1868 ea
248 1824 390 1875 actio,
423 1841 535 1883 quae
564 1826 750 1885 προβολή
782 1827 969 1877 dicitur,
1003 1844 1135 1886 quam
1166 1835 1244 1891 qui
1275 1836 1406 1880 insti-

67 1899 183 1948 tuit,
214 1912 309 1940 non
340 1897 390 1938 id
422 1897 614 1955 quaerit,
657 1910 709 1940 ut
739 1909 814 1940 aut
843 1901 1045 1951 judicum
1076 1916 1220 1960 partes
1250 1922 1403 1965 popu-

65 1974 137 2014 lus
168 1971 267 2027 ipse
297 1968 527 2025 suscipiat,
560 1980 638 2011 aut
669 1981 787 2011 certe
809 1972 1116 2027 quaestionem
1149 1979 1400 2025 habendam

65 2044 242 2096 jubeat,
291 2050 566 2082 accusatores
605 2053 747 2090 creet,
789 2056 812 2082 a
855 2054 964 2098 quot
992 2044 1217 2095 judicibus
1251 2065 1402 2106 quove

65 2115 203 2158 modo
234 2112 462 2170 judicium·
494 2113 753 2154 habendum
793 2112 870 2162 sit,
921 2115 1156 2170 plebiscito
1202 2120 1397 2173 definiat,

65 2187 144 2231 sed
185 2184 274 2228 hoc'
314 2195 516 2232 tantum,
569 2194 621 2225 ut
659 2183 818 2241 populi
857 2186 1185 2241 praejudicium
1226 2193 1280 2233 de
1320 2208 1399 2238 reo

67 2256 157 2309 fiat,
187 2271 276 2314 quo
306 2253 581 2313 praejudicio
614 2255 739 2312 quasi
762 2257 962 2299 munitus
983 2255 1077 2314 ipse
1099 2273 1252 2305 causae
1271 2279 1393 2316 suae,

114 2421 174 2464 26)
199 2419 284 2454 Nisi
322 2420 424 2455 forte
456 2419 528 2454 hoc
561 2431 699 2464 unum,
733 2421 832 2467 quod
864 2421 1088 2468 suffragium
1118 2437 1140 2461 a
1173 2429 1314 2474 populo
1348 2438 1395 2465 ex

65 2494 176 2518 more
198 2482 318 2516 latum
342 2487 418 2524 est,
443 2480 608 2526 primum
632 2481 680 2516 de
703 2482 910 2527 Agnonidis
928 2485 1033 2531 Iege,
1061 2487 1148 2522 dein
1165 2489 1211 2524 de
1236 2490 1396 2527 Phocio-

64 2543 125 2578 nis
149 2543 271 2588 culpa.
323 2543 430 2588 Quae
457 2542 532 2576 alia
563 2541 639 2575 sint
670 2541 742 2576 ista
777 2542 969 2591 legitima,
1018 2559 1113 2593 quae
1146 2551 1272 2594 Nepos
1307 2563 1392 2585 con.

62 2602 166 2651 fecta
200 2615 275 2639 esse
305 2602 412 2644 dicit,
449 2603 515 2636 vit.
550 2601 664 2636 Phoc.
701 2615 781 2649 cap.
815 2617 849 2649 4.
885 2605 1044 2643 difficile
1085 2617 1142 2644 est
1180 2612 1392 2660 intellectu,

63 2671 169 2700 certe
193 2675 216 2699 e
240 2664 435 2699 Plutarchi
458 2665 695 2707 narratione,
721 2665 786 2700 vit.
813 2666 992 2705 Phocion.
1020 2683 1099 2716 cap.
1125 2683 1170 2717 53
1194 2691 1239 2699 -—

1047 2734 1126 2788 (22

1262 2685 1316 2719 55-
