1706 3058
206 192 261 237 86

208 311 304 350 tur,
332 309 386 342 ut
415 296 478 340 ait
505 299 663 340 Pollux
693 306 737 339 et
767 310 872 339 cum
901 310 955 340 eo
985 296 1162 346 suidas,
1198 296 1374 354 quoties
1405 311 1527 340 aena.

210 381 281 413 tus
312 371 553 412 habebatur
582 380 659 411 aut
688 368 880 412 comitia.
938 371 1091 424 Itaque
1123 367 1406 421 Corsinius⁶)
1451 383 1530 409 ex-

209 439 370 484 cidisse
399 443 615 497 quaedam
644 451 797 497 putat,
837 451 880 483 et
909 440 969 482 ita
1008 442 1160 482 locum
1194 454 1285 482 esse
1315 441 1533 495 supplen-

211 515 342 556 dum:
378 511 582 567 Πρόεδροι
600 514 846 569 ἐκληροῦντο
871 516 913 556 οἱ
939 514 1010 567 μὲν
1040 519 1121 555 τῶν
1147 514 1394 569 Πρυτανέων
1425 511 1532 567 (ma-

211 583 292 626 lim
324 582 534 639 equidem
565 585 608 627 ἔκ
638 590 718 627 ταῖν
760 583 908 641 Πρυτ.)
939 582 1032 627 καθ’
1074 584 1245 637 ἑκάστην
1275 585 1535 639 πρυτιιινείοιν,Ι

213 658 255 699 οἱ
282 657 345 707 δὲ,
390 653 449 704 εἷς
487 656 527 704 ἐξ
564 655 735 710 ἑκάστης
775 662 910 710 φυλῆς
939 674 975 699 κ.
1007 674 1037 698 τ.
1069 661 1100 697 λ.
1162 657 1286 711 Quae
1318 651 1535 695 correctio

211 723 488 783 probabilem
519 735 561 766 et
582 726 693 767 nulli
725 726 1000 783 reliquorum
1032 723 1435 768 Grammaticorum
1466 737 1538 764 au*

213 794 409 837 ctoritati
441 795 709 838 contrariam
741 797 1004 840 sententiam
1037 796 1197 845 efficit;
1230 809 1355 843 nam,
1389 807 1538 850 quam-

214 882 346 924 quam
378 866 490 908 illud
521 881 544 910 a
575 867 766 910 Libanio
799 882 888 910 non
925 867 1086 910 diserte
1118 865 1330 912 traditur,
1372 875 1540 906 creatos

214 952 308 980 esse
359 939 512 980 decem
561 940 779 981 Proedros
832 939 1126 990 contribules,
1173 937 1301 981 κατὰ
1349 952 1557 991 novam,

213 1012 384 1061 νείαν,
416 1009 510 1050 veri
544 1020 689 1051 tamen
713 1009 997 1052 simillimum
1029 1008 1175 1050 videri
1207 1007 1367 1064 possit,
1401 1011 1543 1058 cujus·

217 1095 302 1137 que
331 1081 560 1137 prytaniae
589 1080 724 1122 initio
754 1080 934 1122 sortitos
967 1095 1058 1122 esse
1089 1082 1323 1133 Prytaneo,
1364 1089 1408 1120 et
1439 1077 1545 1134 qui-

216 1166 322 1193 nam
355 1150 431 1192 illo
464 1163 752 1208 septenorum
784 1151 958 1194 dierum
999 1151 1221 1208 pracsidio
1264 1150 1397 1191 simul
1437 1150 1544 1190 fun-

216 1233 448 1279 gerentur,
489 1234 532 1264 et
563 1238 650 1279 quo
685 1222 843 1265 ordine
885 1223 994 1264 istae
1033 1226 1278 1276 Prytanum
1322 1220 1545 1270 decuriae,

219 1309 326 1351 quas
358 1309 448 1336 sors
471 1294 789 1346 conjunxisset,
823 1294 909 1335 sibi
932 1296 1235 1336 succederent.
1295 1294 1382 1334 Sed
1412 1291 1545 1333 aliam

219 1365 488 1408 emendandi
522 1366 742 1408 rationem
773 1378 951 1408 secutus
983 1377 1047 1407 est
1069 1365 1287 1407 Luzacius
1300 1367 1365 1418 ⁷),
1396 1362 1547 1406 rescri-

217 1438 504 1493 bendumque
546 1438 742 1479 censuit:
803 1438 1010 1493 Πρόεδροι
1057 1440 1305 1493 ἐκληροῦντο
1345 1435 1430 1480 find
1467 1437 1549 1478 τῶν

222 1512 472 1564 Πρυτανέων
501 1507 598 1552 καθ’
626 1511 800 1564 ἑκάστην
831 1513 1044 1564 ἐκκλησίαν
1076 1528 1111 1552 κ.
1142 1526 1172 1551 τ.
1203 1515 1235 1551 λ.
1299 1509 1444 1564 Quam
1475 1521 1549 1547 ra-

220 1578 395 1621 tionem
426 1593 505 1620 cur
534 1582 655 1621 haud
684 1581 1023 1639 improbandam
1065 1589 1247 1634 putem,
1292 1579 1442 1634 paullo
1474 1578 1553 1620 in-

221 1651 287 1693 fra
319 1664 552 1706 exponam.
615 1652 726 1698 Sed,
758 1662 861 1692 utut
891 1650 975 1700 sit,
1021 1649 1135 1691 illud
1165 1649 1349 1705 quidem
1382 1660 1553 1691 certum

223 1737 316 1764 esse
346 1720 551 1768 arbitror,
585 1720 783 1763 nimium
815 1720 922 1761 huic
955 1719 1323 1775 Harpocrationis
1354 1722 1455 1761 loco
1478 1718 1554 1761 tri·

222 1794 386 1834 butum
417 1806 510 1833 esse
540 1806 564 1832 a
595 1791 802 1847 sigonio,
836 1802 991 1846 atque,
1019 1789 1201 1831 etiamsi
1233 1790 1335 1838 ille,
1367 1802 1419 1832 ut
1448 1792 1556 1832 vul-

224 1877 282 1920 go
323 1861 511 1919 legitur,
556 1877 700 1903 unum
742 1862 1054 1904 tantummodo
1086 1863 1383 1903 Proedrorum
1415 1876 1555 1918 genus

225 1944 562 1981 commemoret,
587 1948 678 1975 non
704 1945 854 1975 tamen
875 1933 1045 1975 idcirco
1068 1936 1252 1976 alterum
1275 1933 1400 1982 illud,
1433 1934 1556 1989 quod

226 2019 250 2046 a
272 2003 459 2045 Libanio
480 2014 766 2053 memoratur,
788 2006 918 2060 plane
931 2006 1181 2060 negandum
1204 2003 1355 2047 fuisse.
1389 2005 1555 2060 Quam-

227 2090 361 2133 quam
394 2078 594 2118 excusari
627 2079 704 2120 hic
733 2090 852 2120 error
882 2077 1012 2116 debet
1044 2075 1093 2116 in
1125 2089 1178 2116 eo
1209 2073 1468 2132 praesertim
1489 2073 1557 2115 vi-

229 2162 301 2197 ro,
343 2147 422 2203 qui
462 2145 634 2203 primus
674 2146 723 2189 in
762 2150 846 2189 hoc
884 2146 1135 2188 litterarum
1175 2160 1334 2203 genere
1373 2143 1552 2193 enituit,

230 2233 488 2274 erroresque
527 2232 630 2259 suos
669 2217 872 2275 plurimis
912 2229 957 2259 et
998 2216 1185 2274 egregiis
1227 2215 1398 2258 meritis
1430 2230 1557 2257 com-

228 2288 446 2343 pensavit,
481 2303 621 2346 eoque
650 2289 789 2346 magis
812 2289 1012 2332 excusari
1036 2290 1187 2337 debet,
1220 2287 1343 2344 quod
1373 2285 1440 2326 illi
1467 2288 1555 2328 De·

229 2359 476 2402 mosthenis
515 2371 647 2416 atque
684 2361 915 2404 Aeschinis
954 2360 1068 2410 loci,
1114 2373 1222 2417 quos
1262 2356 1556 2414 Harpocratio

232 2431 447 2488 designat,
480 2443 523 2473 et
542 2431 619 2488 qui
643 2447 665 2472 a
688 2432 871 2489 Sigonio
898 2433 1146 2480 laudantur,
1179 2431 1299 2472 haud
1328 2443 1432 2470 sane
1452 2438 1557 2469 sunt

234 2503 482 2557 ejusmodi,
519 2515 571 2545 ut
608 2519 659 2546 ex
701 2503 758 2547 iis
789 2503 893 2547 solis
925 2502 1132 2562 cognosci
1162 2500 1304 2560 possit
1331 2500 1557 2544 Proedro·

281 2646 317 2688 6)
349 2647 443 2680 Fast.
464 2646 538 2679 Att.
562 2645 660 2679 Diss.
689 2646 752 2681 VI.
775 2658 812 2680 n.
832 2657 865 2693 7.

278 2716 315 2761 7)
337 2715 469 2761 Disqu.
501 2713 547 2747 de
564 2713 683 2759 Epist.
715 2726 758 2748 ac
776 2713 928 2750 Proedr.
956 2714 987 2759 5.
1007 2724 1043 2758 4.
