1706 3058
1317 87 1398 131 555

81 185 305 244 principio
336 200 457 227 rarus
485 187 729 229 admodum
761 199 852 230 erat
882 187 920 230 is
941 191 1107 241 honor3
1136 203 1238 247 post
1267 195 1404 239 etiam

82 258 377 301 mediocrium
436 256 696 299 meritorum
752 261 930 316 vulgare
974 261 1250 315 praemium,
1306 280 1402 308 non

81 345 108 372 a
137 331 303 385 populo
335 330 482 370 solum
513 328 561 368 in
593 329 803 378 comitiis,
835 341 907 370 aut
935 345 959 371 a
982 335 1143 374 Senatu
1174 335 1406 394 quingen-

80 413 254 450 torum,
315 401 392 442 sed
449 398 584 440 etiam
631 414 653 440 a
700 400 903 442 tribubus
948 413 990 443 et
1029 404 1166 446 curiis
1216 407 1406 463 singulis

82 471 338 528 saepissime
369 472 538 513 datum.
596 472 1078 516 Honorificentissimae
1102 488 1248 519 tamen
1281 491 1410 522 erant

82 557 296 592 coronae,
349 552 424 582 aut
462 555 486 582 a
527 544 690 583 Senatu
732 555 810 584 aut
855 544 902 584 in
945 546 1143 588 comitiis
1190 549 1406 605 decretae,

83 617 248 670 (neque
285 616 367 655 hae
405 613 524 670 ipsae
554 615 716 668 absque
755 616 938 675 Senatus
979 616 1240 662 auctoritate
1271 637 1293 663 a
1324 639 1408 679 po·-

79 686 187 742 pulo
232 683 411 727 decerni
455 686 769 740 poterant)¹⁸);
809 687 889 727 has
929 686 1051 729 enim
1093 691 1205 733 solas
1249 695 1407 737 autin

81 758 283 802 theatro,
315 771 394 811 per
423 757 632 797 ludorum
667 754 892 805 solennia,
925 769 1000 799 aut
1031 759 1079 801 in
1114 764 1309 806 comitiis
1345 782 1409 808 re.

81 826 280 868 nuntiari
314 843 336 867 a
372 841 591 883 praecone
629 828 812 876 licebat3
864 830 1050 886 reliquas
1091 849 1181 875 non
1222 835 1328 878 item
1346 844 1409 889 19),

82 897 183 940 Nisi
224 900 257 938 si
303 898 379 954 qui
422 897 534 940 civis
575 899 744 940 Atticus
787 901 840 940 ab
873 913 1017 943 extera
1049 906 1255 962 quapiam
1290 909 1410 950 civi-

81 980 171 1011 tate
204 984 390 1010 coronae
421 972 588 1011 honore
621 970 824 1025 dignatus
857 985 981 1021 esset,
1017 976 1127 1019 hanc
1158 993 1337 1035 quoque
1359 984 1409 1023 in

82 1044 254 1082 theatro
282 1039 529 1082 renuntiari
561 1043 779 1096 populuS,
821 1043 1040 1099 legatione
1074 1059 1264 1103 rogatus,
1297 1065 1410 1092 con-

84 1112 237 1154 cedere
267 1114 462 1160 solebat,
503 1111 752 1188 dummodo
789 1114 864 1156 ille
892 1130 939 1158 se
980 1117 1165 1174 dignum
1204 1122 1278 1163 tali
1324 1126 1409 1165 ho..

82 1199 191 1227 nore
230 1186 482 1241 probasset²
487 1184 538 1238 ⁰).

133 1256 353 1311 Reliqua
391 1256 610 1311 praemia,
654 1271 845 1312 quorum
878 1261 1039 1316 passim
1073 1267 1190 1319 apud
1221 1268 1412 1325 scripto-

83 1343 151 1371 res
192 1325 362 1375 mentio
398 1326 470 1376 fit,
520 1330 631 1368 haec
672 1329 763 1370 fere
805 1343 921 1373 sunt.
999 1335 1198 1379 Primum
1242 1338 1409 1391 ἀτέλεια,

81 1398 368 1450 immunitas,
410 1408 486 1440 aut
523 1398 726 1453 privatis,
765 1413 841 1442 aut
882 1403 1131 1448 civitatibus
1174 1411 1412 1465 regibusve

84 1475 196 1513 data.
258 1471 403 1525 Atque
430 1468 474 1509 in
505 1470 681 1524 privatis
715 1473 918 1528 quidem,
950 1477 1121 1519 civibus
1151 1490 1194 1521 et
1224 1485 1413 1538 peregri·

84 1543 179 1592 nis,
221 1540 376 1584 ἀτέλεια
404 1540 652 1596 significare
690 1544 803 1585 solet
836 1545 1108 1590 tributorum·
1135 1561 1177 1592 et
1205 1553 1412 1610 liturgia-

83 1631 197 1663 rum,
218 1624 523 1669 praeterquam
548 1614 839 1664 trierarchiae,
863 1620 1160 1664 vocationem²
1167 1627 1224 1677 ¹);
1258 1639 1411 1682 quam·-

69 1701 218 1743 quam
259 1686 440 1727 fuerunt
485 1685 615 1726 etiam
659 1685 741 1725 alia
789 1687 1126 1735 immunitatum
1175 1705 1358 1751 genera²
1363 1698 1411 1757 ·).

82 1758 291 1800 Civitates
331 1767 478 1798 autem
519 1766 597 1797 aut
626 1771 748 1811 reges
787 1755 963 1811 ἀτελείας
993 1764 1214 1808 beneficio
1245 1783 1268 1809 a
1300 1785 1414 1826 por-

84 1828 208 1870 toriis
247 1838 290 1868 et
329 1827 614 1883 vectigalibus
653 1828 701 1870 in
753 1834 1021 1876 commercio
1065 1835 1288 1881 immunes
1328 1842 1412 1884 fie-

82 1902 251 1949 bant²³).
281 1921 338 1930 —
394 1901 532 1940 Porro
564 1902 716 1953 σίτησις
745 1902 788 1943 ἔν
827 1908 1077 1963 πρυτανείῳ,
1119 1911 1409 1963 quotidianus

84 1971 131 2012 in
160 1971 376 2023 Prytaneo
417 1968 586 2018 victus,
630 1970 705 2027 qui
742 1987 841 2014 mos
881 1975 1022 2018 cuivis
1060 1980 1131 2020 vel
1163 1995 1186 2021 e
1216 1983 1409 2028 Socratis

132 2089 187 2131 18)
214 2088 274 2121 De
299 2087 421 2121 forma
444 2087 578 2121 talium
602 2087 842 2124 decretorum
876 2092 926 2127 cf.
959 2095 1218 2135 Hemsterhus.
1254 2103 1301 2137 ad
1333 2105 1408 2138 Lut-

86 2149 180 2182 cian.
205 2148 354 2181 Timon.
389 2159 468 2192 cap.
501 2159 556 2192 50.

132 2217 188 2262 19)
217 2216 272 2249 Cf.
301 2216 363 2261 qui
389 2228 410 2250 a
434 2216 623 2251 Koehlero
647 2219 872 2265 laudantur,
897 2223 961 2257 lib.
988 2226 1058 2260 III.
1085 2239 1121 2272 p.
1149 2241 1203 2264 22.
1231 2241 1287 2277 sq.

131 2286 190 2328 20)
217 2285 455 2319 Aeschi11.in
481 2286 711 2331 Ctesiphont.
737 2300 774 2334 p.
798 2303 878 2338 437.
905 2293 982 2338 639.
1010 2295 1084 2339 641.

133 2358 191 2397 21)
217 2354 332 2388 Wolf.
358 2355 531 2400 Prolegg
557 2355 604 2389 ad
626 2356 735 2402 Lept.
761 2370 798 2404 p
825 2360 957 2395 LXXI.
985 2363 1042 2398 Cf.
1060 2366 1202 2402 Bb‘ckh.
1229 2370 1259 2404 Ι.
1283 2382 1321 2416 p.
1347 2383 1404 2418 93.

85 2416 137 2449 11.
163 2426 196 2460 5.
230 2420 285 2453 82.

132 2484 190 2526 22)
216 2483 358 2518 Bb'ckh.
396 2485 426 2518 Ι.
459 2496 493 2530 p.
528 2497 584 2531 93.
621 2486 679 2520 Cf.
712 2488 960 2537 Theophrast.
999 2496 1169 2533 charact.
1205 2500 1344 2535 XXIII.

85 2543 343 2578 Hemsterhus.
370 2543 416 2578 ad
439 2545 582 2581 Polluc.
608 2548 712 2583 VIII.
748 2562 822 2597 140.

131 2620 188 2663 23)
215 2619 329 2653 w01f
357 2619 380 2652 1.
408 2620 433 2652 1.
