1706 3058
273 92 355 137 314

271 200 338 245 Illi
367 198 573 246 interim,
612 195 690 253 qui
723 196 843 238 domi
875 207 1202 245 remanserant,
1245 198 1422 254 negotia
1455 211 1591 254 quae-

266 276 367 315 dam
400 272 633 316 curabant,
675 282 724 310 ea
761 265 1012 322 imprimis,
1052 283 1166 324 quae
1208 269 1263 309 ad
1296 283 1387 310 rem
1419 268 1591 310 milita·
1630 270 1639 281 ⁸

270 360 359 385 rem
395 340 588 395 bellique
619 354 724 381 usus
756 338 1059 394 pertinerent,
1092 341 1216 381 velut
1246 338 1592 394 descriptionem

268 414 498 462 classium,
528 411 777 452 secundum
810 425 914 465 quas
946 410 1110 452 tributa
1141 408 1368 466 (εἰσφοραί)
1399 410 1593 450 confere-

269 488 450 529 bantur,
502 480 832 523 ordinationem
887 480 1262 528 trierarchiarum,
1316 479 1488 532 judicia
1536 480 1591 522 de

264 551 669 612 permutationibus
728 551 1026 607 (ἀντιδόσεσιν)
1081 565 1124 594 et
1178 550 1396 604 ejusmodi
1447 551 1589 606 plura,

264 639 504 680 earumque
542 638 688 664 rerum
735 638 865 666 causa
903 625 1037 665 etiam
1087 622 1377 665 comitiorum
1420 626 1591 662 convo-

262 698 506 740 candorum
565 704 829 749 potestatem
890 697 1183 748 habebant¹⁶).
1268 689 1588 735 Demosthenis

261 780 411 810 autem
446 775 586 807 aetate
615 775 664 804 ut
694 764 940 820 plurimum
972 765 1065 806 bini
1101 776 1274 806 tantum
1297 763 1590 818 imperatore·

263 842 317 883 ad
346 840 511 880 bellum
544 835 864 878 emittebantur
905 836 926 880 ὁ
957 839 1022 880 ἐπὶ
1057 843 1138 880 ταῖν
1170 835 1304 880 ὅπλων
1346 833 1441 875 sive
1481 830 1591 875 ὅπλι-

261 917 342 955 τῶν
373 921 414 950 et
443 907 546 952 ὅὲπὶ
565 910 644 951 τῶν
668 911 821 951 ἱππέων
843 908 1147 964 στρατηγός“7)ε
1180 905 1354 957 tertius,
1387 903 1408 948 ὅ
1438 905 1503 946 ἐπὶ
1518 909 1592 956 τῆς

263 982 522 1035 διοικήσεως,
554 993 646 1020 rem
678 978 981 1035 pecuniariam
1004 979 1281 1035 procurabat,
1311 972 1590 1030 stipendium

260 1051 482 1095 militibus
523 1052 783 1091 numerabat
822 1052 985 1104 etc¹⁸),·
1029 1048 1222 1104 reliquos
1262 1048 1588 1088 Demosthenes

260 1121 464 1180 queritur
497 1119 663 1162 otiosos
696 1121 820 1162 domi
852 1124 1032 1178 degere,
1074 1134 1254 1177 pompas
1284 1132 1390 1161 cum
1420 1113 1591 1165 sacriste

259 1195 374 1237 culis
415 1194 700 1247 ducentes¹⁹).

259 1331 333 1367 que
367 1319 458 1353 locis
486 1329 598 1363 quam
627 1317 823 1362 plurimiS,
859 1328 951 1362 quos
980 1328 1110 1351 omnes
1136 1327 1361 1351 enumerare
1383 1314 1479 1348 nihil
1503 1313 1587 1348 atti-

259 1386 335 1414 net.
364 1379 422 1413 Cf.
459 1377 692 1422 Xenophon,
729 1378 878 1411 Hellen.
907 1379 936 1411 Ι.
976 1389 1054 1422 cap.
1081 1391 1114 1421 4.
1143 1379 1176 1422 ἕ.
1205 1389 1261 1411 20.
1288 1376 1352 1410 ubi
1376 1373 1587 1409 Alcibiades

259 1441 398 1474 dicitur
418 1445 565 1474 creatus
584 1449 665 1472 esse
689 1435 867 1473 εἰπόντων
889 1435 1030 1484 ἡγεμών
1054 1435 1312 1485 αὗτοκρᾰτωρς
1337 1436 1587 1470 Aristocrates

256 1501 374 1547 igitur
399 1506 436 1535 et
460 1499 676 1533 Adimantus
703 1495 742 1534 οἱ
762 1497 856 1533 κατὰ
880 1498 945 1544 γῆν
974 1501 1173 1545 στρατηγοί
1197 1499 1248 1543 (5.
1288 1499 1341 1540 21)
1369 1497 1404 1531 ei
1429 1493 1586 1538 subjecti

259 1568 378 1597 erant.
427 1559 571 1594 Eodem
595 1559 708 1594 modo
735 1558 896 1604 intelligi
921 1559 1056 1602 debet,
1084 1558 1184 1604 quod
1208 1557 1376 1602 Thucyd.
1402 1555 1506 1599 dicit,
1531 1556 1582 1590 ΙΙ.

258 1624 321 1667 65:
348 1619 561 1667 Σνρατηγὸν
585 1620 726 1656 εἵλοντο
753 1618 837 1662 (τόν
860 1620 1062 1664 Περικλέα)
1087 1623 1149 1654 καὶ
1174 1616 1296 1654 πάντα
1311 1617 1359 1654 τοὶ
1381 1629 1586 1664 omonymum

260 1683 482 1726 ἐπέτρεψαν.
509 1681 555 1715 cf.
583 1680 772 1715 Plutarch.
808 1680 958 1714 Aristid.
996 1692 1026 1713 c.
1064 1692 1110 1715 11.
1145 1686 1182 1714 et
1208 1692 1240 1714 c.
1266 1684 1298 1717 8.
1347 1679 1491 1713 Decem
1517 1677 1586 1711 im—

256 1749 453 1789 peratores
488 1741 641 1774 emissos
673 1748 799 1774 narrat
832 1741 1004 1786 Xenoph.
1040 1742 1069 1774 Ι.
1099 1750 1132 1784 5.
1170 1740 1219 1774 16.
1261 1739 1358 1773 Octo
1393 1737 1584 1772 communi

260 1803 418 1838 consilio
443 1813 526 1836 rem
550 1807 697 1846 gerunt.
724 1800 773 1834 ih.
801 1813 833 1847 7.
860 1812 912 1845 31.
941 1812 995 1845 32.
1045 1801 1171 1834 Etiam
1202 1799 1248 1833 ad
1282 1800 1404 1843 Aegos
1438 1797 1583 1831 flumen

255 1865 383 1910 plures
403 1869 510 1897 erant
528 1863 785 1907 imperatores.
814 1861 869 1895 Ib.
897 1863 945 1894 ΙΙ.
975 1873 1001 1895 1.
1018 1861 1068 1896 16.
1092 1873 1146 1908 sq.
1167 1861 1216 1894 cf.
1243 1858 1433 1894 Plutarch.
1461 1858 1579 1892 Alcih.

257 1938 289 1960 c.
325 1926 381 1970 36.
416 1942 462 1948 —
510 1925 691 1957 Ceterum
724 1933 994 1968 nonnunquam
1028 1921 1230 1967 imperium
1265 1927 1367 1954 extra
1410 1919 1582 1953 ordinem

255 1987 373 2022 etiam
394 1984 550 2031 privatis
576 1983 705 2017 datum
728 1989 795 2016 est.
846 1983 925 2015 Vid.
952 1982 1120 2027 Thucyd.
1155 1983 1217 2016 lv.
1244 1993 1276 2015 2.
1304 1987 1342 2015 et
1366 1985 1422 2019 28·

304 2056 360 2099 16)
396 2055 454 2090 Cf.
498 2052 622 2087 Vales.
667 2051 714 2085 ad
754 2053 974 2097 Harpocrat.
1022 2064 1058 2098 p.
1104 2061 1178 2098 175.
1218 2049 1386 2084 Perizon.
1423 2048 1470 2084 ad
1509 2051 1580 2084 Ae-

257 2118 346 2154 lian.
383 2118 427 2150 V.
474 2125 523 2159 ¹3·
566 2113 716 2158 Taylor·
763 2115 883 2148 Lectt.
936 2114 1081 2159 Lysiae.
1128 2124 1164 2157 p.
1210 2123 1288 2157 52⁰·
1330 2109 1448 2145 Wolf.
1489 2111 1581 2143 Pm-

257 2180 357 2224 legg.
385 2177 430 2211 ad
455 2177 563 2221 Lept.
591 2187 627 2220 p.
663 2175 795 2209 XCIV.
831 2176 912 2208 CII.
947 2176 1087 2209 Bo'ckh.
1121 2176 1149 2208 Ι.
1185 2184 1221 2218 p.
1258 2181 1331 2217 195·
1364 2190 1410 2196 —-
1456 2170 1585 2214 Etiam,

256 2239 401 2274 curiam
427 2237 612 2283 quandam
636 2235 844 2277 habehant,
869 2234 914 2271 τό
937 2232 1188 2282 Στρατὴγιον,
1207 2232 1277 2283 ιιι1>ί
1303 2230 1577 2264 conveniebant

256 2298 490 2347 deliberandi
517 2308 638 2331 causa.
664 2294 737 2329 vid.
765 2295 888 2330 Kuhn.
915 2297 962 2330 ad
988 2295 1129 2330 Polluc.
1156 2294 1220 2327 IX.
1246 2303 1300 2337 41.

303 2369 357 2415 17)
384 2365 465 2399 Vid.
494 2365 756 2409 Callisthenis,
782 2365 985 2400 Demonici
1011 2371 1046 2400 et
1071 2363 1214 2398 Calliae
1237 2359 1494 2406 Psephismata
1517 2363 1573 2404 ap'.

257 2427 454 2464 Demosth.
491 2425 537 2460 de
572 2437 699 2461 coron.
734 2439 769 2472 p.
809 2431 888 2472 258.
932 2433 970 2462 et
1006 2425 1083 2470 265.
1115 2422 1243 2468 Lysias·
1283 2421 1323 2456 in
1360 2420 1504 2467 Diogit.
1537 2431 1574 2465 p.

256 2495 335 2536 894.
363 2490 407 2523 R.

306 2560 358 2602 18)
393 2556 585 2592 Demosth.
618 2556 642 2589 1.
677 2556 701 2591 l.

305 2629 361 2674 19)
388 2626 548 2672 Philipp.
576 2627 604 2660 1.
632 2636 666 2672 p.
692 2636 749 2670 4?-

1678 2754 1706 3058 Qn..§..ss.
1685 2487 1706 2735 m.⁶..-.··..d.›
1698 2382 1706 2446 ...Α
1695 2305 1706 2332 τ-
1696 2238 1706 2249 s
