1706 3058
293 95 377 138 ⁹70

378 192 465 235 Sed
499 191 790 233 Nomothetae
823 199 1004 244 quoque
1045 188 1282 244 aliquando
1312 189 1619 233 extraordina-

295 261 353 304 rii
385 260 516 303 creati
549 271 672 306 sunt,
705 258 735 300 i.
769 274 808 304 e.
841 270 1014 314 praeter
1044 257 1180 300 istum
1212 259 1416 303 ordinem
1448 277 1497 304 ac
1527 277 1619 304 mo·

295 336 426 381 dum,
468 344 602 386 quem
632 343 788 384 supra,
836 331 986 386 legum
1018 329 1212 386 ipsarum
1244 332 1428 388 vestigia
1461 332 1619 383 secuti,

294 404 541 448 describere
582 399 730 441 conati
776 414 944 441 sumus.
1016 403 1198 442 Factum
1235 401 1281 442 id
1319 414 1384 443 est
1414 414 1514 458 post
1545 419 1621 445 ex-

293 488 413 519 actos
447 471 628 528 triginta
661 473 906 523 Tyrannos,
939 484 1042 512 cum
1075 473 1250 514 Solonis
1282 475 1412 527 leges,
1445 472 1622 515 abistis

294 558 499 601 magnam
532 553 701 597 partem
733 542 929 583 rescissas
961 554 1036 583 aut
1065 543 1378 599 interpolatas,
1424 543 1471 584 in
1503 543 1622 585 inte-

294 632 422 673 grum
454 613 702 660 restituere,
735 612 968 668 novisque,
1003 615 1056 654 ad
1088 628 1259 655 novum
1284 629 1431 656 rerum
1456 624 1623 655 statum

295 687 407 743 aptis
429 698 586 742 augere
617 682 867 735 placuisset.
929 687 1080 738 Itaque
1111 685 1244 726 creati
1267 695 1374 726 sunt
1403 700 1429 726 a
1459 687 1623 726 Senatu

293 758 382 799 viri
420 756 611 812 aliquot,
651 753 851 809 (ignotus
884 752 1007 794 enim
1049 764 1113 794 est
1143 757 1422 809 numerus⁴⁸)
1451 754 1623 811 legibus

296 827 440 878 novis,
471 825 632 882 quibus
664 839 776 880 opus
801 835 929 872 esset,
960 824 1306 872 conscribendis.
1367 825 1425 867 Hi
1450 829 1625 867 Nomo-

294 903 441 942 thetae
481 896 588 938 dicti
633 907 749 937 sunt.
832 897 1084 951 Conceptas
1124 910 1147 936 a
1187 911 1232 938 se
1278 899 1418 954 leges,
1464 899 1623 940 tabulis

295 968 555 1024 inscriptas,
605 968 725 1023 apud
765 969 1101 1023 Eponymorum
1154 977 1317 1008 statuas
1367 968 1476 1020 jussi
1521 978 1624 1011 sunt

295 1053 571 1096 proponere,
630 1050 743 1080 ut·a
785 1037 946 1094 quovis
987 1036 1200 1094 cognosci
1239 1050 1442 1094 possent,
1493 1050 1625 1095 atque

297 1112 413 1154 intra
446 1111 644 1162 ejusdem
675 1109 838 1150 mensis
881 1109 1100 1164 spatium,
1143 1123 1230 1166 quo
1271 1112 1528 1153 mandatum
1569 1110 1625 1152 iis

297 1194 388 1225 erat
419 1181 533 1223 illud
566 1179 793 1228 officium,
838 1179 1191 1234 magistratibus,
1231 1181 1310 1236 qui
1343 1195 1394 1222 eo
1426 1193 1627 1238 tempore

297 1266 417 1297 extra
469 1251 676 1294 ordinem
729 1250 1047 1305 rempublicam
1095 1250 1489 1302 administrabant,
1554 1269 1626 1296 eas

295 1327 478 1367 tradere.
548 1324 611 1363 Ab
653 1319 722 1361 his
767 1319 931 1360 deinde
974 1320 1291 1364 examinandae
1333 1337 1383 1365 ac
1414 1338 1628 1380 compro-

295 1395 473 1437 bandae
505 1389 689 1434 Senatui
720 1388 910 1444 aliisque
935 1391 1236 1443 Nomothetis,
1269 1392 1524 1450 quingentis
1546 1410 1625 1437 nu-

295 1479 436 1517 mero,
468 1461 659 1505 traditae
690 1471 806 1508 sunt,
838 1475 860 1501 a
893 1460 1079 1518 singulis
1102 1460 1240 1503 curiis
1273 1478 1307 1504 s.
1335 1465 1490 1507 Demis
1511 1481 1624 1508 crea-

295 1537 520 1595 tis,·atque
540 1531 709 1585 juratis.
741 1530 893 1574 Licuit
915 1544 1063 1575 autem
1086 1532 1218 1575 etiam
1240 1533 1421 1590 privatis
1444 1537 1626 1593 quibus·

296 1706 518 1735 crearentur
543 1697 700 1732 subinde
715 1723 724 1740 ,
752 1699 843 1742 (non
867 1698 999 1741 semel,
1025 1698 1091 1732 sed
1116 1700 1262 1745 saepius
1273 1702 1299 1743 ‚)
1327 1701 1390 1747 qui
1415 1701 1544 1746 legum
1568 1712 1627 1736 re-

296 1761 555 1806 cognitionem
579 1764 746 1803 agerent.
800 1758 883 1791 Jam
909 1757 973 1790 diu
998 1766 1070 1801 est,
1095 1759 1235 1804 inquit,
1263 1772 1307 1794 ex
1333 1773 1405 1808 quo
1433 1764 1524 1796 istos
1548 1775 1629 1796 cre-

295 1834 360 1856 are
383 1819 523 1854 soletis.
560 1820 740 1854 Ceterum
762 1818 1096 1852 extraordinariam
1114 1819 1232 1855 fuisse
1253 1822 1356 1856 illam
1377 1822 1626 1866 curationem,

297 1888 337 1916 et
363 1881 409 1916 ad
431 1887 580 1924 tempus
606 1878 842 1920 mandatam,
868 1889 935 1922 per
961 1890 999 1912 se
1025 1879 1113 1913 satis
1139 1888 1253 1926 patet.

341 1951 402 1996 48)
429 1951 563 1983 Morus
590 1946 764 1993 quidem,
796 1946 842 1979 ad
868 1947 1039 1991 Xenoph.
1077 1949 1228 1985 Hellen.
1268 1952 1319 1986 11.
1352 1963 1386 1995 4.
1423 1957 1542 1994 eren,
1575 1951 1630 1985 vi-

293 2012 393 2059 ginti
424 2011 543 2044 fuisse
578 2008 701 2041 docet.
753 2007 914 2049 „Electi
955 2012 1101 2051 sunt,‘⁴
1146 2010 1291 2056 inquit,
1334 2010 1505 2057 „viginti
1543 2012 1628 2056 viri,

295 2074 363 2119 qui
388 2071 564 2106 restituta
588 2068 814 2102 auctoritate
836 2068 965 2113 legum
992 2069 1140 2103 Solonis
1167 2077 1205 2104 et
1228 2072 1437 2115 Draconis,
1474 2071 1630 2107 addide-

293 2140 407 2175 runt,
442 2133 473 2166 si
507 2141 596 2177 quas
622 2135 793 2174 tempora
818 2128 885 2163 illa
909 2131 1139 2164 necessarias
1165 2130 1356 2165 fecissent.
1371 2134 1395 2152 ‘⁴
1445 2133 1518 2167 Sed
1542 2142 1626 2177 per·

296 2204 428 2240 peram
463 2189 651 2225 intellexit
684 2189 938 2232 Andocidem,
975 2202 1087 2236 quem
1120 2197 1315 2225 auctorem
1350 2191 1460 2235 citat,
1497 2204 1532 2237 p.
1569 2204 1626 2238 39.

296 2255 343 2289 R.
374 2266 427 2287 11.
458 2252 510 2286 16.
540 2251 668 2296 steph.
696 2251 841 2287 εἵλεσθε
865 2247 998 2294 ἄνδρας
1022 2254 1159 2286 εἴκοσι·
1193 2247 1341 2286 τούτους
1373 2249 1410 2285 δὲ
1442 2251 1631 2296 ἐπιμελεῖ-

293 2319 388 2352 σθαι
413 2312 475 2357 τῆς
499 2308 659 2353 πόλεως,
685 2310 749 2345 ἕως
770 2306 815 2344 ἂν
841 2307 881 2346 οἶ
896 2307 1006 2355 νόμοι
1030 2314 1186 2348 τεθεῖεν.
1215 2329 1258 2338 -
1281 2309 1410 2356 ἐπειδή
1434 2309 1472 2346 δὲ
1491 2309 1628 2356 βουλήν

294 2389 336 2411 τε
361 2367 669 2417 οἷπεκληρώσατο,
706 2372 916 2415 νομοθέτας
945 2384 984 2406 τε
1008 2371 1152 2406 εἵλεσθε
1176 2384 1208 2406 κ.
1235 2383 1267 2405 τ.
1293 2371 1326 2406 λ.
1377 2373 1506 2412 Patet,
1543 2371 1627 2407 illos

295 2435 432 2480 viginti
457 2433 556 2467 viros
581 2443 603 2465 a
627 2430 864 2465 Nomothetis
892 2430 1084 2477 distingui,
1134 2431 1186 2464 Iis
1211 2429 1445 2475 reipublicae
1469 2430 1627 2464 admini-

296 2495 429 2530 stratio
456 2492 630 2527 mandata
656 2497 756 2533 erat,
781 2489 986 2535 tantisper,
1014 2492 1156 2534 donec,
1184 2489 1398 2526 constitutis
1424 2488 1547 2523 denuo
1571 2489 1627 2524 le-

294 2555 433 2601 gibus,
459 2552 640 2588 ordinarii
666 2552 904 2597 magistratus
929 2557 1173 2593 crearentur3
1209 2549 1405 2595 iidemque
1436 2556 1535 2593 sunt,
1562 2550 1627 2595 qui

295 2618 336 2652 in
359 2614 551 2650 Tisameni
574 2611 853 2658 Psephismate‚
879 2623 937 2659 ap.
959 2612 1098 2649 Andoc.
1126 2612 1152 2648 1.
1177 2611 1203 2648 1.
1230 2616 1413 2648 vocantur
1435 2607 1480 2646 αἱ
1499 2607 1612 2656 degat
