<?xml version="1.0" encoding="UTF-8"?>
<!DOCTYPE html PUBLIC "-//W3C//DTD XHTML 1.0 Transitional//EN"
    "http://www.w3.org/TR/xhtml1/DTD/xhtml1-transitional.dtd">
<html xmlns="http://www.w3.org/1999/xhtml" xml:lang="en" lang="en">
 <head>
  <title>
</title>
<meta http-equiv="Content-Type" content="text/html;charset=utf-8" />
  <meta name='ocr-system' content='tesseract 3.04.00' />
  <meta name='ocr-capabilities' content='ocr_page ocr_carea ocr_par ocr_line ocrx_word'/>
</head>
<body>
  <div class='ocr_page' id='page_1' title='image "./decomitiisatheni00sch_0062.png"; bbox 0 0 1706 3058; ppageno 0'>
   <div class='ocr_carea' id='block_1_1' title="bbox 232 154 286 199">
    <p class='ocr_par' dir='ltr' id='par_1_1' title="bbox 232 154 286 199">
     <span class='ocr_line' id='line_1_1' title="bbox 232 154 286 199; baseline -0.074 0"><span class='ocrx_word' id='word_1_1' title='bbox 232 154 286 199; x_wconf 73' lang='lat'><strong>42</strong></span> 
     </span>
    </p>
   </div>
   <div class='ocr_carea' id='block_1_2' title="bbox 219 254 1596 2594">
    <p class='ocr_par' dir='ltr' id='par_1_2' title="bbox 219 254 1596 2594">
     <span class='ocr_line' id='line_1_2' title="bbox 229 254 1567 320; baseline -0.006 -14"><span class='ocrx_word' id='word_1_2' title='bbox 229 265 486 317; x_wconf 79' lang='grc' dir='ltr'><em>τομβαιῶνος</em></span> <span class='ocrx_word' id='word_1_3' title='bbox 498 262 568 320; x_wconf 73' lang='grc' dir='ltr'><strong>ἕνῃ</strong></span> <span class='ocrx_word' id='word_1_4' title='bbox 579 260 730 318; x_wconf 74' lang='grc' dir='ltr'>καὶνέᾳ</span> <span class='ocrx_word' id='word_1_5' title='bbox 741 256 1079 301; x_wconf 83' lang='lat' dir='ltr'><strong>rescribendum</strong></span> <span class='ocrx_word' id='word_1_6' title='bbox 1100 259 1195 299; x_wconf 80' lang='lat' dir='ltr'><strong>esse&#39;</strong></span> <span class='ocrx_word' id='word_1_7' title='bbox 1216 254 1414 299; x_wconf 74' lang='lat' dir='ltr'><strong>censuit:</strong></span> <span class='ocrx_word' id='word_1_8' title='bbox 1444 254 1567 300; x_wconf 73' lang='grc' dir='ltr'><strong>Ἐλα-</strong></span> 
     </span>
     <span class='ocr_line' id='line_1_3' title="bbox 229 325 1567 391; baseline -0.008 -13"><span class='ocrx_word' id='word_1_9' title='bbox 229 338 495 389; x_wconf 78' lang='grc' dir='ltr'><strong><em>φηβολιοῖνος</em></strong></span> <span class='ocrx_word' id='word_1_10' title='bbox 519 334 669 391; x_wconf 74' lang='grc' dir='ltr'><em>ἒννάτῃ</em></span> <span class='ocrx_word' id='word_1_11' title='bbox 696 334 935 385; x_wconf 79' lang='grc' dir='ltr'><strong><em>φθίνοντος.</em></strong></span> <span class='ocrx_word' id='word_1_12' title='bbox 976 332 1118 386; x_wconf 81' lang='lat' dir='ltr'>Atque</span> <span class='ocrx_word' id='word_1_13' title='bbox 1144 328 1306 370; x_wconf 80' lang='lat' dir='ltr'><strong>iisdem</strong></span> <span class='ocrx_word' id='word_1_14' title='bbox 1333 325 1455 369; x_wconf 80' lang='lat' dir='ltr'><strong>tricis</strong></span> <span class='ocrx_word' id='word_1_15' title='bbox 1481 325 1567 368; x_wconf 86' lang='lat' dir='ltr'><strong>im-</strong></span> 
     </span>
     <span class='ocr_line' id='line_1_4' title="bbox 227 399 1569 462; baseline -0.006 -16"><span class='ocrx_word' id='word_1_16' title='bbox 227 404 438 462; x_wconf 86' lang='lat' dir='ltr'><strong>pedimur</strong></span> <span class='ocrx_word' id='word_1_17' title='bbox 457 403 503 445; x_wconf 85' lang='lat' dir='ltr'><strong>in</strong></span> <span class='ocrx_word' id='word_1_18' title='bbox 525 404 614 444; x_wconf 88' lang='lat' dir='ltr'><strong>alio</strong></span> <span class='ocrx_word' id='word_1_19' title='bbox 640 402 841 454; x_wconf 80' lang='lat' dir='ltr'><strong>ejusdem</strong></span> <span class='ocrx_word' id='word_1_20' title='bbox 871 399 1091 443; x_wconf 81' lang='lat' dir='ltr'><strong>orationis</strong></span> <span class='ocrx_word' id='word_1_21' title='bbox 1113 400 1434 458; x_wconf 75' lang='lat' dir='ltr'><strong>psephismate3</strong></span> <span class='ocrx_word' id='word_1_22' title='bbox 1463 410 1569 440; x_wconf 87' lang='lat' dir='ltr'><strong>nam</strong></span> 
     </span>
     <span class='ocr_line' id='line_1_5' title="bbox 229 470 1567 532; baseline -0.004 -15"><span class='ocrx_word' id='word_1_23' title='bbox 229 490 344 532; x_wconf 87' lang='lat' dir='ltr'><strong>quae</strong></span> <span class='ocrx_word' id='word_1_24' title='bbox 363 491 414 517; x_wconf 86' lang='lat' dir='ltr'><strong>ex</strong></span> <span class='ocrx_word' id='word_1_25' title='bbox 442 472 759 516; x_wconf 81' lang='lat' dir='ltr'><strong>Demosthenis</strong></span> <span class='ocrx_word' id='word_1_26' title='bbox 785 472 1063 522; x_wconf 79' lang='lat' dir='ltr'>narratione,</span> <span class='ocrx_word' id='word_1_27' title='bbox 1092 478 1178 526; x_wconf 86' lang='lat' dir='ltr'><strong>(or.</strong></span> <span class='ocrx_word' id='word_1_28' title='bbox 1207 474 1262 513; x_wconf 91' lang='lat' dir='ltr'><strong>de</strong></span> <span class='ocrx_word' id='word_1_29' title='bbox 1288 470 1380 511; x_wconf 80' lang='lat' dir='ltr'><strong>fals.</strong></span> <span class='ocrx_word' id='word_1_30' title='bbox 1405 470 1490 525; x_wconf 84' lang='lat' dir='ltr'><strong>leg.</strong></span> <span class='ocrx_word' id='word_1_31' title='bbox 1521 483 1567 523; x_wconf 83' lang='lat' dir='ltr'><strong>p.</strong></span> 
     </span>
     <span class='ocr_line' id='line_1_6' title="bbox 228 537 1568 607; baseline -0.009 -17"><span class='ocrx_word' id='word_1_32' title='bbox 228 547 328 607; x_wconf 73' lang='lat'><strong>559.</strong></span> <span class='ocrx_word' id='word_1_33' title='bbox 351 550 436 602; x_wconf 81' lang='lat' dir='ltr'><strong>sq.)</strong></span> <span class='ocrx_word' id='word_1_34' title='bbox 459 548 499 588; x_wconf 88' lang='lat' dir='ltr'><strong>d.</strong></span> <span class='ocrx_word' id='word_1_35' title='bbox 521 548 672 588; x_wconf 82' lang='lat' dir='ltr'><strong>xxvn</strong></span> <span class='ocrx_word' id='word_1_36' title='bbox 691 543 1107 599; x_wconf 86' lang='lat' dir='ltr'><strong>Scirrhophorionis</strong></span> <span class='ocrx_word' id='word_1_37' title='bbox 1127 545 1302 584; x_wconf 83' lang='lat' dir='ltr'><strong>decreta</strong></span> <span class='ocrx_word' id='word_1_38' title='bbox 1323 553 1417 582; x_wconf 79' lang='lat' dir='ltr'><strong>esse</strong></span> <span class='ocrx_word' id='word_1_39' title='bbox 1432 537 1568 581; x_wconf 68' lang='lat' dir='ltr'><strong>colli.»</strong></span> 
     </span>
     <span class='ocr_line' id='line_1_7' title="bbox 226 607 1566 676; baseline -0.007 -16"><span class='ocrx_word' id='word_1_40' title='bbox 226 633 315 676; x_wconf 83' lang='lat' dir='ltr'><strong>gas,</strong></span> <span class='ocrx_word' id='word_1_41' title='bbox 346 632 396 660; x_wconf 87' lang='lat' dir='ltr'><strong>ea</strong></span> <span class='ocrx_word' id='word_1_42' title='bbox 426 617 474 659; x_wconf 89' lang='lat' dir='ltr'><strong>in</strong></span> <span class='ocrx_word' id='word_1_43' title='bbox 506 615 594 658; x_wconf 88' lang='lat' dir='ltr'><strong>isto</strong></span> <span class='ocrx_word' id='word_1_44' title='bbox 626 614 928 673; x_wconf 71' lang='lat' dir='ltr'><strong>psephismate</strong></span> <span class='ocrx_word' id='word_1_45' title='bbox 959 615 1003 658; x_wconf 81' lang='lat' dir='ltr'><strong>d.</strong></span> <span class='ocrx_word' id='word_1_46' title='bbox 1035 615 1136 656; x_wconf 90' lang='lat' dir='ltr'><strong>XXI</strong></span> <span class='ocrx_word' id='word_1_47' title='bbox 1154 607 1566 658; x_wconf 75' lang='lat' dir='ltr'><strong>Maemacterionis‚</strong></span> 
     </span>
     <span class='ocr_line' id='line_1_8' title="bbox 226 684 1596 741; baseline -0.007 -11"><span class='ocrx_word' id='word_1_48' title='bbox 226 700 330 731; x_wconf 89' lang='lat' dir='ltr'><strong>octo</strong></span> <span class='ocrx_word' id='word_1_49' title='bbox 373 700 474 730; x_wconf 87' lang='lat' dir='ltr'><strong>ante</strong></span> <span class='ocrx_word' id='word_1_50' title='bbox 511 687 766 733; x_wconf 83' lang='lat' dir='ltr'><strong>mensibus,</strong></span> <span class='ocrx_word' id='word_1_51' title='bbox 810 696 959 741; x_wconf 81' lang='lat' dir='ltr'><strong>rogata</strong></span> <span class='ocrx_word' id='word_1_52' title='bbox 998 700 1091 727; x_wconf 83' lang='lat' dir='ltr'><strong>esse</strong></span> <span class='ocrx_word' id='word_1_53' title='bbox 1122 684 1354 728; x_wconf 76' lang='lat' dir='ltr'><strong>dicuntur.</strong></span> <span class='ocrx_word' id='word_1_54' title='bbox 1414 685 1596 737; x_wconf 27' lang='lat' dir='ltr'><strong>Itaque!</strong></span> 
     </span>
     <span class='ocr_line' id='line_1_9' title="bbox 224 751 1567 817; baseline -0.005 -15"><span class='ocrx_word' id='word_1_55' title='bbox 224 760 305 803; x_wconf 88' lang='lat' dir='ltr'><strong>hic</strong></span> <span class='ocrx_word' id='word_1_56' title='bbox 353 774 531 817; x_wconf 89' lang='lat' dir='ltr'><strong>quoque</strong></span> <span class='ocrx_word' id='word_1_57' title='bbox 572 758 805 802; x_wconf 67' lang='lat' dir='ltr'><strong>Coruinius</strong></span> <span class='ocrx_word' id='word_1_58' title='bbox 854 769 938 812; x_wconf 85' lang='lat' dir='ltr'><strong>pro</strong></span> <span class='ocrx_word' id='word_1_59' title='bbox 992 761 1374 811; x_wconf 78' lang='grc' dir='ltr'><strong><em>Μαιμακτηριῶνος</em></strong></span> <span class='ocrx_word' id='word_1_60' title='bbox 1417 751 1567 811; x_wconf 69' lang='grc' dir='ltr'><em>δεκάτῃ</em></span> 
     </span>
     <span class='ocr_line' id='line_1_10' title="bbox 225 826 1567 885; baseline -0.007 -8"><span class='ocrx_word' id='word_1_61' title='bbox 225 832 424 883; x_wconf 62' lang='grc' dir='ltr'><strong>ἀπιόντος</strong></span> <span class='ocrx_word' id='word_1_62' title='bbox 441 829 627 874; x_wconf 72' lang='lat' dir='ltr'>rescribi</span> <span class='ocrx_word' id='word_1_63' title='bbox 646 831 767 872; x_wconf 81' lang='lat' dir='ltr'><strong>vult:</strong></span> <span class='ocrx_word' id='word_1_64' title='bbox 802 831 1173 885; x_wconf 72' lang='grc' dir='ltr'><strong><em>Σκιρῤοφοριῶνος</em></strong></span> <span class='ocrx_word' id='word_1_65' title='bbox 1200 826 1362 882; x_wconf 73' lang='grc' dir='ltr'>τετράδι</span> <span class='ocrx_word' id='word_1_66' title='bbox 1391 828 1567 879; x_wconf 63' lang='grc' dir='ltr'><strong><em>φθῖκνον-</em></strong></span> 
     </span>
     <span class='ocr_line' id='line_1_11' title="bbox 224 899 1570 959; baseline -0.009 -10"><span class='ocrx_word' id='word_1_67' title='bbox 224 922 306 955; x_wconf 83' lang='grc' dir='ltr'><strong><em>τος.</em></strong></span> <span class='ocrx_word' id='word_1_68' title='bbox 369 907 570 959; x_wconf 87' lang='lat' dir='ltr'><strong>Utraque</strong></span> <span class='ocrx_word' id='word_1_69' title='bbox 590 899 827 951; x_wconf 85' lang='lat' dir='ltr'><strong>correctio,</strong></span> <span class='ocrx_word' id='word_1_70' title='bbox 859 915 962 943; x_wconf 87' lang='lat' dir='ltr'><strong>cum</strong></span> <span class='ocrx_word' id='word_1_71' title='bbox 981 915 1132 943; x_wconf 84' lang='lat' dir='ltr'><strong>rerum</strong></span> <span class='ocrx_word' id='word_1_72' title='bbox 1153 909 1379 956; x_wconf 84' lang='lat' dir='ltr'><strong>gestarum</strong></span> <span class='ocrx_word' id='word_1_73' title='bbox 1397 907 1570 952; x_wconf 80' lang='lat' dir='ltr'><strong>tempo·</strong></span> 
     </span>
     <span class='ocr_line' id='line_1_12' title="bbox 224 969 1568 1025; baseline -0.008 -7"><span class='ocrx_word' id='word_1_74' title='bbox 224 976 349 1018; x_wconf 79' lang='lat' dir='ltr'><strong>ribus</strong></span> <span class='ocrx_word' id='word_1_75' title='bbox 379 974 565 1016; x_wconf 84' lang='lat' dir='ltr'>aliunde</span> <span class='ocrx_word' id='word_1_76' title='bbox 594 972 739 1021; x_wconf 86' lang='lat' dir='ltr'><strong>notis,</strong></span> <span class='ocrx_word' id='word_1_77' title='bbox 780 973 1117 1015; x_wconf 84' lang='lat' dir='ltr'><strong>accommodata</strong></span> <span class='ocrx_word' id='word_1_78' title='bbox 1157 971 1241 1024; x_wconf 79' lang='lat' dir='ltr'><strong>sit,</strong></span> <span class='ocrx_word' id='word_1_79' title='bbox 1282 969 1460 1025; x_wconf 83' lang='lat' dir='ltr'><strong>longius</strong></span> <span class='ocrx_word' id='word_1_80' title='bbox 1502 977 1568 1008; x_wconf 82' lang='lat' dir='ltr'><strong>ta-</strong></span> 
     </span>
     <span class='ocr_line' id='line_1_13' title="bbox 223 1038 1569 1102; baseline -0.009 -11"><span class='ocrx_word' id='word_1_81' title='bbox 223 1062 330 1091; x_wconf 86' lang='lat' dir='ltr'><strong>men</strong></span> <span class='ocrx_word' id='word_1_82' title='bbox 361 1061 386 1087; x_wconf 88' lang='lat' dir='ltr'><strong>a</strong></span> <span class='ocrx_word' id='word_1_83' title='bbox 424 1047 603 1102; x_wconf 81' lang='lat' dir='ltr'><strong>vulgata</strong></span> <span class='ocrx_word' id='word_1_84' title='bbox 634 1043 854 1100; x_wconf 84' lang='lat' dir='ltr'><strong>scriptura</strong></span> <span class='ocrx_word' id='word_1_85' title='bbox 885 1043 1080 1098; x_wconf 85' lang='lat' dir='ltr'><strong>recedit,</strong></span> <span class='ocrx_word' id='word_1_86' title='bbox 1112 1058 1245 1100; x_wconf 89' lang='lat' dir='ltr'><strong>quam</strong></span> <span class='ocrx_word' id='word_1_87' title='bbox 1273 1052 1326 1082; x_wconf 86' lang='lat' dir='ltr'><strong>ut</strong></span> <span class='ocrx_word' id='word_1_88' title='bbox 1358 1038 1569 1081; x_wconf 85' lang='lat' dir='ltr'><strong>omnium</strong></span> 
     </span>
     <span class='ocr_line' id='line_1_14' title="bbox 224 1110 1566 1172; baseline -0.007 -10"><span class='ocrx_word' id='word_1_89' title='bbox 224 1131 449 1163; x_wconf 81' lang='lat' dir='ltr'><strong>consensu</strong></span> <span class='ocrx_word' id='word_1_90' title='bbox 479 1117 816 1172; x_wconf 87' lang='lat' dir='ltr'><strong>comprobetur.</strong></span> <span class='ocrx_word' id='word_1_91' title='bbox 879 1117 1097 1168; x_wconf 82' lang='lat' dir='ltr'><strong>Taylorus</strong></span> <span class='ocrx_word' id='word_1_92' title='bbox 1129 1110 1451 1170; x_wconf 81' lang='lat' dir='ltr'><strong>quidem-nihil</strong></span> <span class='ocrx_word' id='word_1_93' title='bbox 1470 1124 1566 1152; x_wconf 89' lang='lat' dir='ltr'><strong>mu·</strong></span> 
     </span>
     <span class='ocr_line' id='line_1_15' title="bbox 222 1178 1568 1243; baseline -0.008 -11"><span class='ocrx_word' id='word_1_94' title='bbox 222 1191 412 1232; x_wconf 85' lang='lat' dir='ltr'><strong>tandum</strong></span> <span class='ocrx_word' id='word_1_95' title='bbox 434 1203 528 1230; x_wconf 85' lang='lat' dir='ltr'><strong>esse</strong></span> <span class='ocrx_word' id='word_1_96' title='bbox 550 1197 694 1243; x_wconf 85' lang='lat' dir='ltr'><strong>putat,</strong></span> <span class='ocrx_word' id='word_1_97' title='bbox 727 1187 804 1227; x_wconf 87' lang='lat' dir='ltr'><strong>sed</strong></span> <span class='ocrx_word' id='word_1_98' title='bbox 824 1185 947 1226; x_wconf 80' lang='lat' dir='ltr'><strong>illam</strong></span> <span class='ocrx_word' id='word_1_99' title='bbox 978 1187 1326 1242; x_wconf 83' lang='lat' dir='ltr'><strong>psephismatum</strong></span> <span class='ocrx_word' id='word_1_100' title='bbox 1355 1178 1568 1223; x_wconf 78' lang='lat' dir='ltr'><strong>narratio-</strong></span> 
     </span>
     <span class='ocr_line' id='line_1_16' title="bbox 222 1252 1569 1318; baseline -0.008 -15"><span class='ocrx_word' id='word_1_101' title='bbox 222 1275 428 1318; x_wconf 86' lang='lat' dir='ltr'><strong>numque</strong></span> <span class='ocrx_word' id='word_1_102' title='bbox 466 1259 514 1300; x_wconf 88' lang='lat' dir='ltr'><strong>in</strong></span> <span class='ocrx_word' id='word_1_103' title='bbox 553 1256 830 1315; x_wconf 84' lang='lat' dir='ltr'><strong>temporibus</strong></span> <span class='ocrx_word' id='word_1_104' title='bbox 871 1258 1083 1299; x_wconf 85' lang='lat' dir='ltr'><strong>notandis</strong></span> <span class='ocrx_word' id='word_1_105' title='bbox 1123 1252 1469 1306; x_wconf 73' lang='lat' dir='ltr'><strong>discrepantiam</strong></span> <span class='ocrx_word' id='word_1_106' title='bbox 1515 1266 1569 1293; x_wconf 87' lang='lat' dir='ltr'><strong>ex</strong></span> 
     </span>
     <span class='ocr_line' id='line_1_17' title="bbox 221 1327 1569 1385; baseline -0.007 -10"><span class='ocrx_word' id='word_1_107' title='bbox 221 1342 393 1375; x_wconf 88' lang='lat' dir='ltr'><strong>mutata</strong></span> <span class='ocrx_word' id='word_1_108' title='bbox 435 1331 649 1372; x_wconf 83' lang='lat' dir='ltr'><strong>fastorum</strong></span> <span class='ocrx_word' id='word_1_109' title='bbox 688 1329 862 1370; x_wconf 86' lang='lat' dir='ltr'><strong>ratione</strong></span> <span class='ocrx_word' id='word_1_110' title='bbox 901 1329 1120 1385; x_wconf 88' lang='lat' dir='ltr'><strong>explicare</strong></span> <span class='ocrx_word' id='word_1_111' title='bbox 1152 1338 1350 1369; x_wconf 83' lang='lat' dir='ltr'><strong>conatur.</strong></span> <span class='ocrx_word' id='word_1_112' title='bbox 1410 1327 1569 1367; x_wconf 80' lang='lat' dir='ltr'><strong>Muta-</strong></span> 
     </span>
     <span class='ocr_line' id='line_1_18' title="bbox 221 1394 1569 1457; baseline -0.007 -12"><span class='ocrx_word' id='word_1_113' title='bbox 221 1416 316 1446; x_wconf 88' lang='lat' dir='ltr'><strong>tam</strong></span> <span class='ocrx_word' id='word_1_114' title='bbox 345 1414 497 1445; x_wconf 86' lang='lat' dir='ltr'><strong>autem</strong></span> <span class='ocrx_word' id='word_1_115' title='bbox 527 1401 649 1442; x_wconf 79' lang='lat' dir='ltr'><strong>inam</strong></span> <span class='ocrx_word' id='word_1_116' title='bbox 680 1415 787 1448; x_wconf 82' lang='lat' dir='ltr'><strong>esse,</strong></span> <span class='ocrx_word' id='word_1_117' title='bbox 819 1414 965 1457; x_wconf 86' lang='lat' dir='ltr'><strong>neque</strong></span> <span class='ocrx_word' id='word_1_118' title='bbox 995 1401 1132 1441; x_wconf 81' lang='lat' dir='ltr'><strong>semel</strong></span> <span class='ocrx_word' id='word_1_119' title='bbox 1165 1397 1386 1446; x_wconf 75' lang='lat' dir='ltr'><strong>fortassis,</strong></span> <span class='ocrx_word' id='word_1_120' title='bbox 1420 1394 1569 1438; x_wconf 72' lang='lat' dir='ltr'><strong>maxi·</strong></span> 
     </span>
     <span class='ocr_line' id='line_1_19' title="bbox 221 1465 1568 1531; baseline -0.005 -13"><span class='ocrx_word' id='word_1_121' title='bbox 221 1489 296 1518; x_wconf 88' lang='lat' dir='ltr'><strong>me</strong></span> <span class='ocrx_word' id='word_1_122' title='bbox 324 1485 429 1531; x_wconf 83' lang='lat' dir='ltr'><strong>post</strong></span> <span class='ocrx_word' id='word_1_123' title='bbox 471 1487 641 1514; x_wconf 87' lang='lat' dir='ltr'><strong>annum</strong></span> <span class='ocrx_word' id='word_1_124' title='bbox 679 1471 908 1513; x_wconf 76' lang='lat' dir='ltr'><strong>Iulianum</strong></span> <span class='ocrx_word' id='word_1_125' title='bbox 948 1486 973 1512; x_wconf 86' lang='lat' dir='ltr'><strong>a</strong></span> <span class='ocrx_word' id='word_1_126' title='bbox 1005 1469 1185 1512; x_wconf 84' lang='lat' dir='ltr'><strong>Graecis</strong></span> <span class='ocrx_word' id='word_1_127' title='bbox 1225 1465 1410 1526; x_wconf 83' lang='lat' dir='ltr'><strong>quoque</strong></span> <span class='ocrx_word' id='word_1_128' title='bbox 1438 1482 1568 1511; x_wconf 87' lang='lat' dir='ltr'><strong>acce·</strong></span> 
     </span>
     <span class='ocr_line' id='line_1_20' title="bbox 219 1539 1568 1604; baseline -0.006 -16"><span class='ocrx_word' id='word_1_129' title='bbox 219 1557 367 1604; x_wconf 84' lang='lat' dir='ltr'><strong>ptum,</strong></span> <span class='ocrx_word' id='word_1_130' title='bbox 397 1543 504 1587; x_wconf 78' lang='lat' dir='ltr'><strong>satis</strong></span> <span class='ocrx_word' id='word_1_131' title='bbox 536 1543 656 1584; x_wconf 85' lang='lat' dir='ltr'><strong>inter</strong></span> <span class='ocrx_word' id='word_1_132' title='bbox 684 1556 839 1584; x_wconf 89' lang='lat' dir='ltr'><strong>omnes</strong></span> <span class='ocrx_word' id='word_1_133' title='bbox 871 1551 1060 1583; x_wconf 86' lang='lat' dir='ltr'><strong>constat.</strong></span> <span class='ocrx_word' id='word_1_134' title='bbox 1122 1543 1218 1588; x_wconf 84' lang='lat' dir='ltr'><strong>„Ea</strong></span> <span class='ocrx_word' id='word_1_135' title='bbox 1249 1540 1473 1588; x_wconf 86' lang='lat' dir='ltr'><strong>ratione,“</strong></span> <span class='ocrx_word' id='word_1_136' title='bbox 1503 1539 1568 1581; x_wconf 86' lang='lat' dir='ltr'><strong>in·</strong></span> 
     </span>
     <span class='ocr_line' id='line_1_21' title="bbox 223 1611 1569 1676; baseline -0.005 -17"><span class='ocrx_word' id='word_1_137' title='bbox 223 1617 346 1676; x_wconf 89' lang='lat' dir='ltr'><strong>quit,</strong></span> <span class='ocrx_word' id='word_1_138' title='bbox 389 1614 683 1671; x_wconf 86' lang='lat' dir='ltr'><strong>„contingere</strong></span> <span class='ocrx_word' id='word_1_139' title='bbox 712 1611 908 1669; x_wconf 58' lang='lat' dir='ltr'><strong>potuit,&gt;</strong></span> <span class='ocrx_word' id='word_1_140' title='bbox 932 1622 981 1654; x_wconf 90' lang='lat' dir='ltr'><strong>ut</strong></span> <span class='ocrx_word' id='word_1_141' title='bbox 1018 1621 1190 1667; x_wconf 87' lang='lat' dir='ltr'><strong>praeter</strong></span> <span class='ocrx_word' id='word_1_142' title='bbox 1227 1622 1452 1653; x_wconf 87' lang='lat' dir='ltr'><strong>vetustam</strong></span> <span class='ocrx_word' id='word_1_143' title='bbox 1482 1613 1569 1652; x_wconf 87' lang='lat' dir='ltr'><strong>ho-</strong></span> 
     </span>
     <span class='ocr_line' id='line_1_22' title="bbox 222 1682 1566 1739; baseline -0.007 -9"><span class='ocrx_word' id='word_1_144' title='bbox 222 1704 326 1731; x_wconf 77' lang='lat' dir='ltr'><strong>rum</strong></span> <span class='ocrx_word' id='word_1_145' title='bbox 356 1698 587 1727; x_wconf 86' lang='lat' dir='ltr'><strong>oratorum</strong></span> <span class='ocrx_word' id='word_1_146' title='bbox 620 1688 797 1738; x_wconf 75' lang='grc' dir='ltr'><em>ἔκδοσιν,</em></span> <span class='ocrx_word' id='word_1_147' title='bbox 829 1698 942 1739; x_wconf 90' lang='lat' dir='ltr'><strong>quae</strong></span> <span class='ocrx_word' id='word_1_148' title='bbox 962 1687 1086 1734; x_wconf 87' lang='lat' dir='ltr'><strong>juxta</strong></span> <span class='ocrx_word' id='word_1_149' title='bbox 1105 1695 1264 1723; x_wconf 85' lang='lat' dir='ltr'><strong>eorum</strong></span> <span class='ocrx_word' id='word_1_150' title='bbox 1284 1692 1474 1723; x_wconf 83' lang='lat' dir='ltr'><strong>aetatem</strong></span> <span class='ocrx_word' id='word_1_151' title='bbox 1493 1682 1566 1723; x_wconf 85' lang='lat' dir='ltr'><strong>de·</strong></span> 
     </span>
     <span class='ocr_line' id='line_1_23' title="bbox 223 1753 1565 1814; baseline -0.007 -11"><span class='ocrx_word' id='word_1_152' title='bbox 223 1757 359 1805; x_wconf 76' lang='lat' dir='ltr'><strong>scribi</strong></span> <span class='ocrx_word' id='word_1_153' title='bbox 389 1766 576 1814; x_wconf 87' lang='lat' dir='ltr'><strong>poterat,</strong></span> <span class='ocrx_word' id='word_1_154' title='bbox 605 1753 825 1812; x_wconf 87' lang='lat' dir='ltr'><strong>prodierit</strong></span> <span class='ocrx_word' id='word_1_155' title='bbox 856 1753 938 1794; x_wconf 79' lang='lat' dir='ltr'><strong>alia</strong></span> <span class='ocrx_word' id='word_1_156' title='bbox 970 1753 1026 1793; x_wconf 90' lang='lat' dir='ltr'><strong>ad</strong></span> <span class='ocrx_word' id='word_1_157' title='bbox 1054 1754 1285 1808; x_wconf 84' lang='lat' dir='ltr'><strong>vulgarem</strong></span> <span class='ocrx_word' id='word_1_158' title='bbox 1304 1766 1440 1794; x_wconf 85' lang='lat' dir='ltr'><strong>usum</strong></span> <span class='ocrx_word' id='word_1_159' title='bbox 1464 1766 1565 1794; x_wconf 89' lang='lat' dir='ltr'><strong>con-</strong></span> 
     </span>
     <span class='ocr_line' id='line_1_24' title="bbox 222 1823 1565 1883; baseline -0.007 -9"><span class='ocrx_word' id='word_1_160' title='bbox 222 1832 405 1875; x_wconf 87' lang='lat' dir='ltr'><strong>cinnata</strong></span> <span class='ocrx_word' id='word_1_161' title='bbox 433 1838 565 1883; x_wconf 85' lang='lat' dir='ltr'><strong>atque</strong></span> <span class='ocrx_word' id='word_1_162' title='bbox 600 1827 655 1867; x_wconf 90' lang='lat' dir='ltr'><strong>ad</strong></span> <span class='ocrx_word' id='word_1_163' title='bbox 681 1841 779 1867; x_wconf 90' lang='lat' dir='ltr'><strong>eam</strong></span> <span class='ocrx_word' id='word_1_164' title='bbox 816 1825 1034 1866; x_wconf 85' lang='lat' dir='ltr'><strong>fastorum</strong></span> <span class='ocrx_word' id='word_1_165' title='bbox 1060 1823 1281 1866; x_wconf 81' lang='lat' dir='ltr'><strong>rationem</strong></span> <span class='ocrx_word' id='word_1_166' title='bbox 1316 1836 1565 1864; x_wconf 86' lang='lat' dir='ltr'><strong>accommo-</strong></span> 
     </span>
     <span class='ocr_line' id='line_1_25' title="bbox 228 1894 1565 1956; baseline -0.007 -11"><span class='ocrx_word' id='word_1_167' title='bbox 228 1905 356 1949; x_wconf 86' lang='lat' dir='ltr'><strong>data,</strong></span> <span class='ocrx_word' id='word_1_168' title='bbox 399 1914 512 1956; x_wconf 84' lang='lat' dir='ltr'><strong>quae</strong></span> <span class='ocrx_word' id='word_1_169' title='bbox 557 1909 653 1939; x_wconf 88' lang='lat' dir='ltr'><strong>tum</strong></span> <span class='ocrx_word' id='word_1_170' title='bbox 692 1896 1050 1938; x_wconf 77' lang='lat' dir='ltr'><strong>increbrescebat</strong></span> <span class='ocrx_word' id='word_1_171' title='bbox 1087 1905 1133 1936; x_wconf 84' lang='lat' dir='ltr'><strong>et</strong></span> <span class='ocrx_word' id='word_1_172' title='bbox 1171 1909 1258 1937; x_wconf 86' lang='lat' dir='ltr'><strong>usu</strong></span> <span class='ocrx_word' id='word_1_173' title='bbox 1296 1894 1565 1951; x_wconf 82' lang='lat' dir='ltr'><strong>quotidiano</strong></span> 
     </span>
     <span class='ocr_line' id='line_1_26' title="bbox 223 1965 1563 2033; baseline -0.006 -18"><span class='ocrx_word' id='word_1_174' title='bbox 223 1972 583 2033; x_wconf 78' lang='lat' dir='ltr'><strong>pervulgabatur.</strong></span> <span class='ocrx_word' id='word_1_175' title='bbox 636 1969 764 2011; x_wconf 83' lang='lat' dir='ltr'><strong>Unde</strong></span> <span class='ocrx_word' id='word_1_176' title='bbox 784 1981 877 2008; x_wconf 88' lang='lat' dir='ltr'><strong>non</strong></span> <span class='ocrx_word' id='word_1_177' title='bbox 908 1965 994 2007; x_wconf 81' lang='lat' dir='ltr'><strong>alia</strong></span> <span class='ocrx_word' id='word_1_178' title='bbox 1025 1977 1070 2007; x_wconf 86' lang='lat' dir='ltr'><strong>et</strong></span> <span class='ocrx_word' id='word_1_179' title='bbox 1100 1965 1274 2008; x_wconf 86' lang='lat' dir='ltr'><strong>diversa</strong></span> <span class='ocrx_word' id='word_1_180' title='bbox 1303 1965 1410 2007; x_wconf 89' lang='lat' dir='ltr'><strong>anni</strong></span> <span class='ocrx_word' id='word_1_181' title='bbox 1440 1976 1563 2022; x_wconf 82' lang='lat' dir='ltr'><strong>parte</strong></span> 
     </span>
     <span class='ocr_line' id='line_1_27' title="bbox 225 2037 1567 2098; baseline -0.008 -10"><span class='ocrx_word' id='word_1_182' title='bbox 225 2050 311 2089; x_wconf 85' lang='lat' dir='ltr'><strong>hae</strong></span> <span class='ocrx_word' id='word_1_183' title='bbox 341 2057 409 2086; x_wconf 83' lang='lat' dir='ltr'><strong>res</strong></span> <span class='ocrx_word' id='word_1_184' title='bbox 440 2040 533 2098; x_wconf 85' lang='lat' dir='ltr'><strong>geri</strong></span> <span class='ocrx_word' id='word_1_185' title='bbox 573 2039 887 2082; x_wconf 79' lang='lat' dir='ltr'><strong>describuntur</strong></span> <span class='ocrx_word' id='word_1_186' title='bbox 916 2037 966 2078; x_wconf 85' lang='lat' dir='ltr'><strong>in</strong></span> <span class='ocrx_word' id='word_1_187' title='bbox 999 2049 1190 2094; x_wconf 85' lang='lat' dir='ltr'><strong>utroque</strong></span> <span class='ocrx_word' id='word_1_188' title='bbox 1218 2038 1391 2080; x_wconf 87' lang='lat' dir='ltr'><strong>calculo</strong></span> <span class='ocrx_word' id='word_1_189' title='bbox 1421 2061 1481 2071; x_wconf 92' lang='lat'><strong>—-</strong></span> <span class='ocrx_word' id='word_1_190' title='bbox 1508 2045 1567 2071; x_wconf 62' lang='lat'><strong>4-</strong></span> 
     </span>
     <span class='ocr_line' id='line_1_28' title="bbox 226 2108 1563 2174; baseline -0.01 -14"><span class='ocrx_word' id='word_1_191' title='bbox 226 2131 378 2174; x_wconf 85' lang='lat' dir='ltr'><strong>neque</strong></span> <span class='ocrx_word' id='word_1_192' title='bbox 410 2113 538 2156; x_wconf 83' lang='lat' dir='ltr'><strong>aliter</strong></span> <span class='ocrx_word' id='word_1_193' title='bbox 557 2110 762 2152; x_wconf 86' lang='lat' dir='ltr'><strong>scribunt</strong></span> <span class='ocrx_word' id='word_1_194' title='bbox 785 2119 981 2150; x_wconf 84' lang='lat' dir='ltr'><strong>oratores</strong></span> <span class='ocrx_word' id='word_1_195' title='bbox 996 2142 1007 2161; x_wconf 90' lang='lat'><strong>‚</strong></span> <span class='ocrx_word' id='word_1_196' title='bbox 1041 2108 1166 2150; x_wconf 87' lang='lat' dir='ltr'><strong>aliter</strong></span> <span class='ocrx_word' id='word_1_197' title='bbox 1189 2110 1442 2165; x_wconf 86' lang='lat' dir='ltr'><strong>loquuntur</strong></span> <span class='ocrx_word' id='word_1_198' title='bbox 1463 2123 1563 2152; x_wconf 86' lang='lat' dir='ltr'><strong>mo-</strong></span> 
     </span>
     <span class='ocr_line' id='line_1_29' title="bbox 226 2181 1565 2240; baseline -0.005 -11"><span class='ocrx_word' id='word_1_199' title='bbox 226 2197 445 2233; x_wconf 86' lang='lat' dir='ltr'><strong>numenta</strong></span> <span class='ocrx_word' id='word_1_200' title='bbox 475 2181 681 2240; x_wconf 87' lang='lat' dir='ltr'><strong>publica;</strong></span> <span class='ocrx_word' id='word_1_201' title='bbox 713 2182 793 2223; x_wconf 84' lang='lat' dir='ltr'><strong>sed</strong></span> <span class='ocrx_word' id='word_1_202' title='bbox 821 2192 1009 2237; x_wconf 88' lang='lat' dir='ltr'><strong>uterque</strong></span> <span class='ocrx_word' id='word_1_203' title='bbox 1039 2193 1278 2237; x_wconf 80' lang='lat' dir='ltr'><strong>computus</strong></span> <span class='ocrx_word' id='word_1_204' title='bbox 1307 2194 1440 2222; x_wconf 84' lang='lat' dir='ltr'><strong>verus</strong></span> <span class='ocrx_word' id='word_1_205' title='bbox 1471 2194 1565 2222; x_wconf 81' lang='lat' dir='ltr'><strong>esse</strong></span> 
     </span>
     <span class='ocr_line' id='line_1_30' title="bbox 225 2251 1562 2319; baseline -0.007 -18"><span class='ocrx_word' id='word_1_206' title='bbox 225 2257 401 2319; x_wconf 86' lang='lat' dir='ltr'><strong>potuit,</strong></span> <span class='ocrx_word' id='word_1_207' title='bbox 434 2254 474 2297; x_wconf 81' lang='lat' dir='ltr'><strong>si</strong></span> <span class='ocrx_word' id='word_1_208' title='bbox 505 2269 649 2296; x_wconf 89' lang='lat' dir='ltr'><strong>aeram</strong></span> <span class='ocrx_word' id='word_1_209' title='bbox 676 2252 725 2294; x_wconf 88' lang='lat' dir='ltr'><strong>in</strong></span> <span class='ocrx_word' id='word_1_210' title='bbox 754 2266 848 2295; x_wconf 92' lang='lat' dir='ltr'><strong>uno</strong></span> <span class='ocrx_word' id='word_1_211' title='bbox 880 2266 982 2293; x_wconf 78' lang='lat' dir='ltr'><strong>casu</strong></span> <span class='ocrx_word' id='word_1_212' title='bbox 1014 2251 1317 2309; x_wconf 85' lang='lat' dir='ltr'><strong>antiquiorem</strong></span> <span class='ocrx_word' id='word_1_213' title='bbox 1342 2251 1393 2292; x_wconf 88' lang='lat' dir='ltr'><strong>in</strong></span> <span class='ocrx_word' id='word_1_214' title='bbox 1423 2253 1562 2293; x_wconf 83' lang='lat' dir='ltr'><strong>altero</strong></span> 
     </span>
     <span class='ocr_line' id='line_1_31' title="bbox 226 2321 1561 2386; baseline -0.006 -14"><span class='ocrx_word' id='word_1_215' title='bbox 226 2324 766 2386; x_wconf 72' lang='lat' dir='ltr'><strong>vulgarem&#39;inspicias.“</strong></span> <span class='ocrx_word' id='word_1_216' title='bbox 832 2322 1004 2366; x_wconf 89' lang='lat' dir='ltr'><strong>Mirum</strong></span> <span class='ocrx_word' id='word_1_217' title='bbox 1047 2338 1150 2366; x_wconf 83' lang='lat' dir='ltr'><strong>sane</strong></span> <span class='ocrx_word' id='word_1_218' title='bbox 1192 2334 1235 2365; x_wconf 87' lang='lat' dir='ltr'><strong>et</strong></span> <span class='ocrx_word' id='word_1_219' title='bbox 1266 2321 1561 2380; x_wconf 85' lang='lat' dir='ltr'><strong>ingeniosum</strong></span> 
     </span>
     <span class='ocr_line' id='line_1_32' title="bbox 227 2393 1563 2459; baseline -0.007 -15"><span class='ocrx_word' id='word_1_220' title='bbox 227 2415 408 2459; x_wconf 86' lang='lat' dir='ltr'><strong>quoque</strong></span> <span class='ocrx_word' id='word_1_221' title='bbox 441 2406 772 2448; x_wconf 87' lang='lat' dir='ltr'><strong>commentum,</strong></span> <span class='ocrx_word' id='word_1_222' title='bbox 810 2396 913 2443; x_wconf 87' lang='lat' dir='ltr'><strong>sed,</strong></span> <span class='ocrx_word' id='word_1_223' title='bbox 954 2405 1006 2436; x_wconf 89' lang='lat' dir='ltr'><strong>nt</strong></span> <span class='ocrx_word' id='word_1_224' title='bbox 1043 2409 1201 2437; x_wconf 81' lang='lat' dir='ltr'><strong>verum</strong></span> <span class='ocrx_word' id='word_1_225' title='bbox 1239 2395 1318 2443; x_wconf 86' lang='lat' dir='ltr'><strong>sit,</strong></span> <span class='ocrx_word' id='word_1_226' title='bbox 1352 2393 1563 2452; x_wconf 77' lang='lat' dir='ltr'><strong>equidem</strong></span> 
     </span>
     <span class='ocr_line' id='line_1_33' title="bbox 227 2464 1562 2529; baseline -0.005 -15"><span class='ocrx_word' id='word_1_227' title='bbox 227 2485 497 2529; x_wconf 83' lang='lat' dir='ltr'><strong>magnopere</strong></span> <span class='ocrx_word' id='word_1_228' title='bbox 515 2483 683 2518; x_wconf 87' lang='lat' dir='ltr'><strong>vercor;</strong></span> <span class='ocrx_word' id='word_1_229' title='bbox 716 2482 865 2524; x_wconf 89' lang='lat' dir='ltr'><strong>neque</strong></span> <span class='ocrx_word' id='word_1_230' title='bbox 885 2465 1124 2508; x_wconf 82' lang='lat' dir='ltr'><strong>deficerent</strong></span> <span class='ocrx_word' id='word_1_231' title='bbox 1143 2481 1215 2508; x_wconf 84' lang='lat' dir='ltr'><strong>me</strong></span> <span class='ocrx_word' id='word_1_232' title='bbox 1236 2464 1444 2519; x_wconf 79' lang='lat' dir='ltr'><strong>rationes,</strong></span> <span class='ocrx_word' id='word_1_233' title='bbox 1466 2469 1562 2523; x_wconf 87' lang='lat' dir='ltr'><strong>qui-</strong></span> 
     </span>
     <span class='ocr_line' id='line_1_34' title="bbox 225 2536 1560 2594; baseline -0.007 -7"><span class='ocrx_word' id='word_1_234' title='bbox 225 2547 310 2587; x_wconf 89' lang='lat' dir='ltr'><strong>bus</strong></span> <span class='ocrx_word' id='word_1_235' title='bbox 339 2542 611 2588; x_wconf 79' lang='lat' dir='ltr'><strong>refellerem,</strong></span> <span class='ocrx_word' id='word_1_236' title='bbox 653 2539 688 2581; x_wconf 83' lang='lat' dir='ltr'><strong>si</strong></span> <span class='ocrx_word' id='word_1_237' title='bbox 729 2539 805 2581; x_wconf 88' lang='lat' dir='ltr'><strong>hic</strong></span> <span class='ocrx_word' id='word_1_238' title='bbox 835 2538 1055 2591; x_wconf 85' lang='lat' dir='ltr'><strong>ejusmodi</strong></span> <span class='ocrx_word' id='word_1_239' title='bbox 1088 2536 1401 2594; x_wconf 84' lang='lat' dir='ltr'><strong>disputationis</strong></span> <span class='ocrx_word' id='word_1_240' title='bbox 1432 2538 1560 2579; x_wconf 88' lang='lat' dir='ltr'><strong>locus</strong></span> 
     </span>
    </p>
   </div>
   <div class='ocr_carea' id='block_1_3' title="bbox 228 2606 1563 2671">
    <p class='ocr_par' dir='ltr' id='par_1_3' title="bbox 228 2606 1563 2671">
     <span class='ocr_line' id='line_1_35' title="bbox 228 2606 1563 2671; baseline -0.007 -12"><span class='ocrx_word' id='word_1_241' title='bbox 228 2625 358 2662; x_wconf 79' lang='lat' dir='ltr'><strong>esset.</strong></span> <span class='ocrx_word' id='word_1_242' title='bbox 405 2613 522 2657; x_wconf 85' lang='lat' dir='ltr'><strong>Illud</strong></span> <span class='ocrx_word' id='word_1_243' title='bbox 546 2621 666 2656; x_wconf 85' lang='lat' dir='ltr'><strong>certe</strong></span> <span class='ocrx_word' id='word_1_244' title='bbox 684 2620 860 2655; x_wconf 80' lang='lat' dir='ltr'><strong>constat</strong></span> <span class='ocrx_word' id='word_1_245' title='bbox 868 2640 887 2671; x_wconf 71' lang='lat'><strong>².</strong></span> <span class='ocrx_word' id='word_1_246' title='bbox 927 2619 1163 2667; x_wconf 34' lang='lat' dir='ltr'><strong>utcunque·</strong></span> <span class='ocrx_word' id='word_1_247' title='bbox 1184 2609 1238 2652; x_wconf 88' lang='lat' dir='ltr'><strong>de</strong></span> <span class='ocrx_word' id='word_1_248' title='bbox 1259 2607 1359 2654; x_wconf 81' lang='lat' dir='ltr'><strong>istis</strong></span> <span class='ocrx_word' id='word_1_249' title='bbox 1386 2606 1563 2668; x_wconf 80' lang='lat' dir='ltr'><strong>psephi-</strong></span> 
     </span>
    </p>
   </div>
  </div>
 </body>
</html>
