1706 3058
180 151 271 180 ΧΧῙΙ

185 241 334 285 Creati
357 241 496 299 igitur
513 255 617 286 sunt
639 244 820 302 triginta
843 247 933 290 viri
949 250 1123 308 legibus
1152 255 1284 297 novis
1307 256 1512 300 conseri-'-

187 312 368 362 benaia,
402 315 502 371 qui,
538 319 991 364 Lacedaemoniorum
1019 326 1240 379 praesidio
1263 338 1306 369 et
1326 339 1390 370 ter
1411 328 1542 372 mil-J

187 388 229 428 le
249 386 436 434 civium,
459 386 623 442 quibus
642 387 749 430 solis
767 405 885 432 arma
904 395 1062 436 habere
1080 398 1358 452 permissum,
1392 399 1512 443 auxi·

188 457 251 498 lio
278 457 395 505 freti,
428 456 702 513 impotenter
724 473 767 502 et
788 465 1027 508 crudeliter
1044 472 1225 523 grassari
1248 482 1511 526 coeperunt.

188 531 405 570 Senatum
427 528 549 571 enim
574 532 946 592 magistratusque
981 553 1137 581 omnes
1161 543 1214 581 ad
1238 556 1369 583 suum
1392 542 1518 584 arbi·-

189 599 325 642 trium
363 601 718 652 constituerunt,
736 601 739 605 ”
760 620 1027 665 omnesque,
1062 612 1140 666 qui
1170 623 1247 654 aut
1274 613 1444 656 virtute
1470 625 1518 656 et

188 671 475 722 auctoritate,
504 685 581 715 aut
601 675 761 730 opibus
785 679 1052 738 divitiisque
1074 686 1358 734 excellebant,
1385 700 1530 742 quos··

190 758 277 798 que
299 743 520 796 novandis
544 747 672 787 rebus
694 748 881 792 idoneos
905 756 1148 808 putabant,
1178 755 1346 798 indicta
1369 755 1516 820 niaxi-

190 828 310 855 mam
331 826 503 870 partem
529 831 656 858 causa
682 821 736 860 de
755 821 905 863 medio
933 829 1233 879 sustulerunt5
1264 842 1319 868 ne
1347 826 1516 868 videli-

190 897 262 928 cet
287 889 375 928 ulla
401 891 726 943 recuperandae
746 892 962 936 libertatis
991 912 1088 953 spes
1118 897 1308 939 afflictae
1338 898 1521 941 civitati.

189 958 517 1014 relinqueretur
528 963 588 1011 *).
657 965 743 1005 Sed
784 969 983 1009 exsulum
1021 984 1196 1017 manus,
1235 972 1528 1023 Thrasybulo·

191 1030 328 1077 duce,
361 1031 548 1083 Phylen,
587 1034 760 1077 Atticae
795 1041 1050 1093 castellum,
1091 1041 1352 1098 occupavit,
1392 1040 1512 1088 inde,

188 1100 329 1142 auctis
351 1102 517 1157 copiis,
550 1104 600 1145 in
629 1107 861 1151 Piraeeum
899 1112 1096 1166 transiit,
1128 1112 1526 1168 Munychiamque.

187 1172 413 1221 munivit,
450 1186 737 1228 tyrannorum
760 1181 910 1237 copias
936 1183 1075 1232 fudit,
1109 1199 1296 1240 eosque,
1330 1184 1408 1240 qui
1435 1201 1527 1226 ιιι-ω

188 1245 291 1286 bem
320 1248 553 1295 tenebant,
586 1248 634 1291 in
658 1265 727 1291 eas
759 1253 985 1307 angustias
1009 1255 1219 1304 adduxit,
1252 1266 1303 1297 ut
1331 1255 1517 1312 triginta

186 1316 366 1367 tyranni
398 1319 603 1361 abdicare
646 1336 930 1380 cogerentur,
980 1339 1113 1384 atque
1142 1327 1392 1383 respublica
1417 1329 1526 1368 De-.

189 1388 422 1443 cemviris,
453 1391 643 1449 singulis
667 1409 718 1435 ex
750 1410 927 1453 quaque
956 1398 1078 1440 tribu
1103 1398 1276 1446 electis,
1310 1397 1527 1440 commit-⁴

189 1469 372 1502 teretur.
436 1463 652 1518 Quicum
674 1466 820 1509 nihilo
853 1470 1128 1512 moderatius
1158 1485 1202 1512 se
1231 1483 1379 1526 gerere
1408 1483 1516 1510 coe-

186 1529 382 1586 pissent,
418 1537 626 1584 tandem,
661 1539 868 1580 omnium
901 1540 1064 1582 animis
1098 1544 1153 1582 ad
1184 1539 1518 1582 reconciliatio-

188 1615 292 1643 nem
317 1607 584 1648 concordiae
603 1610 856 1665 propensis,
891 1626 973 1667 pax
996 1611 1214 1654 convenit
1236 1611 1305 1654 his
1327 1611 1517 1668 legibus,

185 1687 244 1713 ne
265 1673 340 1728 qui
365 1688 539 1730 praeter
559 1694 650 1729 xxx!
672 1691 886 1732 tyrannos
908 1694 951 1723 et
973 1682 1250 1724 decemviros
1272 1684 1516 1724 adficerenn

186 1755 261 1784 tur
301 1746 455 1787 exsilio
471 1778 482 1795 ‚
533 1763 647 1791 neve
688 1753 805 1793 bona
845 1753 1201 1808 publicarentur:
1243 1753 1529 1810 reipublicae.

188 1817 446 1871 procuratio
468 1822 634 1876 populo
659 1825 919 1867 redderetur
932 1827 1015 1876 **).
1040 1851 1094 1858 -
1132 1830 1195 1867 Ita
1214 1839 1323 1882 pace
1344 1839 1514 1881 repara·

280 1957 326 1990 R.
356 1965 439 2001 post
464 1961 652 2004 proelium
681 1963 728 1996 ad
754 1966 875 2008 Aegos
904 1967 1050 2001 flumen
1085 1974 1231 2001 creatos
1251 1977 1332 2000 esse
1351 1966 1516 2012 quinque¹

278 2018 451 2063 Ephoros
466 2046 475 2063 ‚
502 2022 564 2067 qui
582 2035 667 2057 cum
685 2027 901 2072 συναγωγεῖς
920 2026 993 2062 τῶν
1013 2026 1177 2064 πολιτῶν
1199 2028 1244 2060 ab
1264 2038 1309 2061 eo
1327 2025 1514 2068 dicantur,

278 2085 382 2122 patet
394 2105 403 2122 ‚
430 2092 563 2117 eorum
579 2094 712 2117 munus
732 2084 803 2119 hoc
821 2086 936 2120 fuisse
948 2112 957 2130 ,
986 2093 1024 2120 ut
1044 2088 1195 2121 comitia
1213 2087 1407 2122 haherent.
1458 2086 1514 2122 Ab

279 2140 467 2175 aliishaec
486 2154 560 2176 non
579 2152 851 2182 memorantur.

233 2221 266 2267 *)
304 2225 358 2258 Eo
386 2227 575 2269 spumabat
612 2228 706 2262 haec
732 2241 882 2275 quoque
907 2231 988 2273 lex,
1018 2244 1090 2277 qna
1117 2238 1312 2274 vetarunt,
1349 2242 1398 2265 ne
1427 2230 1510 2276 quis
1562 2264 1565 2265 γ

281 2287 484 2320 oratoriam
504 2290 676 2323 doceret:
703 2286 819 2336 λόγων
835 2293 962 2335 τέχνην
980 2293 1031 2336 μή
1052 2290 1245 2330 διδάσκειν.
1275 2293 1370 2325 Xen.
1392 2292 1510 2327 Mem.

277 2346 307 2380 Ι,
330 2359 360 2380 2.
382 2358 436 2390 3¹·
466 2347 652 2382 Rhetores
680 2350 781 2384 enirn
800 2351 872 2383 illis
893 2359 969 2385 tem
986 2353 1123 2386 :oribus
1141 2365 1217 2387 non
1236 2353 1437 2386 verborum
1454 2351 1523 2385 so-'

276 2407 355 2440 lum
371 2409 550 2450 artificia,
577 2410 641 2443 sed
670 2411 866 2455 πολιτικήν
898 2410 1102 2457 ἐπιστήμην
1132 2412 1348 2455 tradebant,
1385 2424 1512 2459 quam,

275 2475 317 2501 ut
334 2469 518 2503 libertatis
545 2471 849 2514 instrumentum,
876 2481 1046 2506 metuere
1067 2474 1188 2507 solent
1211 2473 1371 2517 tyranni.

231 2550 283 2595 ⁴¹⁴²)
313 2552 474 2587 Omnem
509 2554 603 2588 hanc
637 2554 832 2589 hi<toricnn
859 2568 891 2589 v.
925 2567 980 2600 ap.
1017 2556 1186 2601 Xenoph.
1212 2557 1359 2592 Hellen.
1392 2558 1441 2592 ΙΙ.
1476 2569 1506 2595 c.

275 2624 296 2656 3
315 2633 359 2639 —
377 2626 409 2657 4.
436 2614 592 2647 Diosor.
617 2615 712 2648 XIV.
738 2628 768 2650 c.
790 2627 846 2661 35,
873 2627 957 2657 cum
986 2616 1224 2661 wesselingii
1250 2617 1360 2654 notis.
1395 2617 1506 2655 Corn.

272 2674 367 2721 Nep.
398 2673 618 2722 Thrasybul.
644 2687 673 2710 e.
703 2688 732 2711 2.
