1706 3058
1359 81 1437 123 261

110 193 172 236 tia
209 191 355 234 verior
395 190 480 241 sit,
522 191 599 232 ina
640 201 756 234 certe
796 190 906 233 huic
934 188 1185 234 recensioni
1217 203 1320 232 cum
1352 189 1438 231 ista

106 266 241 306 altera
293 264 477 305 fuerunt
525 263 805 311 communia,
859 261 1110 318 propositio
1152 275 1233 318 pro
1275 260 1433 301 statuis

103 338 460 391 Eponymorum‚
504 333 713 380 ecclesia,
746 333 793 373 in
825 348 911 389 qua
943 334 996 374 de
1022 333 1195 390 legibus
1228 331 1316 389 ilus
1347 346 1435 387 po—

50 459 55 462 ·
101 408 233 462 pulus
275 407 565 458 consultaret,
607 407 984 446 Nomothetarum
1023 404 1212 458 creatio,
1261 402 1339 459 qui
1380 404 1436 444 de

101 476 310 518 tollendis
349 475 706 532 relinquendisve
744 475 920 533 legibus
972 487 1232 518 statuerent.
1305 477 1433 516 The-

99 550 424 590 smothetarum
448 560 595 589 autem
618 547 750 589 etiam
767 550 852 588 hoc
874 544 1072 588 fortassis
1096 546 1300 588 officium
1326 545 1429 594 fuit,

95 629 148 660 ut
178 617 400 669 rationem
431 621 651 676 quandam
682 621 832 675 legum
852 620 1227 660 emendandarum
1256 618 1433 674 populo,

96 703 407 746 proponerent,
442 703 486 733 ct
506 704 630 733 utrae
660 690 772 732 utris
791 692 1107 746 praeferendae
1131 701 1290 737 essent,
1324 703 1431 730 eum

96 763 330 804 docerent:
374 763 434 804 ait
467 763 586 805 enim
618 762 882 817 Aeschines,
924 777 998 804 eos
1038 760 1182 814 juberi
1213 759 1307 803 καθ’
1338 763 1429 803 {noc-

96 848 191 877 στον
240 836 426 878 ἐνιαυτὸν
467 839 732 892 διορθοῦν
778 837 829 878 ἐν
879 840 949 892 τῷ
988 834 1126 891 δήμῳ
1169 832 1299 881 τούς
1337 831 1426 874 vd·

92 924 241 959 μους.
300 908 431 947 Haud
463 905 600 947 dubie
632 918 780 947 tamen
805 905 937 947 etiam
961 904 1059 946 aliis
1091 903 1268 946 civibus
1299 901 1425 945 idem

92 976 245 1031 licuit,
276 988 328 1018 ut
359 978 411 1017 de
444 976 512 1017 his
544 979 673 1018 rebus
705 977 890 1020 consilia
919 978 1088 1032 populo
1123 978 1290 1017 darent.
1351 976 1422 1015 At·

68 1064 179 1105 -que
219 1051 273 1091 de
312 1047 382 1090 his
425 1051 847 1090 Thesmothetarum
889 1048 1173 1103 aliorumque
1206 1044 1420 1096 consiliis,

89 1122 226 1163 simul
274 1120 411 1162 etiam
460 1122 514 1161 de
562 1122 935 1161 Nomothetarum
983 1118 1157 1174 officio,
1215 1131 1423 1167 numero,

91 1204 291 1249 tempore
332 1203 464 1247 atque
501 1193 705 1233 mercede
745 1192 938 1247 populus
969 1190 1018 1231 in
1050 1190 1232 1232 ecclesia
1264 1189 1422 1231 suffra-

87 1264 212 1322 gium
243 1262 371 1311 tulit,
413 1261 688 1318 creavitque,
736 1277 787 1303 ex
825 1260 882 1303 iis
912 1262 1130 1312 maxime,
1174 1260 1253 1317 qui
1284 1263 1422 1302 verba

86 1337 307 1382 fecerant,
357 1344 575 1382 oratores,
627 1332 702 1387 qui
743 1332 819 1373 alii
862 1333 1049 1375 aliarum
1095 1335 1246 1389 legum
1292 1330 1417 1388 quasi

86 1421 263 1449 causam
294 1415 475 1460 agerent
513 1405 629 1460 apud
671 1406 974 1445 Nomothetas.

169 1480 258 1519 Lex
288 1487 439 1517 autem
476 1476 599 1516 nulla
639 1486 768 1516 vetus
810 1474 909 1516 tolli
952 1487 1030 1517 aut
1065 1490 1179 1523 nova
1210 1474 1258 1515 in
1290 1474 1411 1515 illius

82 1551 235 1590 locum
264 1545 495 1603 subrogari
526 1547 702 1603 potuit,
742 1546 832 1588 nisi
863 1549 980 1603 apud
1011 1548 1330 1599 Nomothetas3
1369 1546 1417 1587 id

83 1621 206 1677 quod
236 1617 376 1675 ipsius
408 1617 518 1675 legis
549 1619 684 1659 verba
715 1617 1106 1674 demonstrant³¹):

174 1711 262 1749 Τῶν
301 1705 344 1749 δὲ
379 1702 520 1757 νόμων
559 1710 642 1747 τῶν
676 1707 873 1758 κειμένων
913 1705 968 1758 μὴ
1009 1706 1157 1755 ἐξεῖναι
1190 1711 1310 1749 λῦσαι
1339 1724 1414 1761 μη-

81 1779 198 1830 δένα,
229 1780 300 1821 ἐὰν
339 1775 393 1831 μή
425 1777 467 1819 ἐν
500 1777 770 1830 Νομοθέταις.
810 1774 898 1818 τότε
929 1774 963 1818 δ’
1003 1778 1149 1826 ἐξεῖναι
1177 1783 1235 1834 τῷ
1263 1781 1411 1834 βουλο-

76 1852 187 1909 μένῳ
224 1856 307 1893 τῶν
360 1847 603 1902 Ἀθηναίων
634 1846 768 1900 λύειν,
811 1849 946 1903 ἕτερον
979 1845 1280 1900 ἄντιτνθέντιὲὶ)
1315 1846 1412 1891 ἄνθ’

79 1920 176 1965 ὅτου
207 1919 258 1963 ἂν
297 1920 386 1978 λύῃ.

80 1993 168 2035 Sed
198 2005 255 2032 an
292 1989 392 2032 :niis
424 2003 601 2047 quoque
630 1990 936 2047 temporibus,
977 2003 1150 2049 praeter
1176 1993 1309 2039 haec,
1353 1993 1408 2033 de

78 2063 243 2120 quibus
280 2065 416 2105 modo
460 2059 603 2104 locuti
637 2075 811 2109 sumus.‚
854 2065 1151 2104 Nomothetae
1190 2061 1407 2105 constitui

76 2134 422 2183 consueverint,
454 2148 598 2190 neque
629 2131 835 2172 affirmari
866 2133 968 2175 satis
1000 2144 1118 2175 certo
1149 2150 1295 2190 neque
1324 2150 1408 2177 ne—

76 2206 168 2263 gari
207 2219 337 2263 posse
373 2203 566 2251 videtur.
642 2207 812 2247 Tamen
849 2204 899 2246 in
950 2220 1046 2247 eam
1085 2205 1268 2261 pronior
1305 2220 1407 2249 sum

125 2363 182 2408 31)
207 2361 405 2398 Demosth.
432 2362 513 2397 adv.
540 2363 744 2399 Timocrat.
769 2376 806 2410 p.
826 2377 905 2411 7¹0·

121 2454 182 2499 32)
208 2455 268 2488 Ita
288 2465 357 2499 pro
381 2456 532 2500 vulgata
553 2462 726 2491 veterum
751 2457 857 2491 editt.
884 2455 1050 2490 lectione
1074 2454 1200 2503 ἕτερόν
1220 2469 1258 2493 τι
1276 2456 1404 2492 τιθέν-

76 2529 139 2557 τι,
179 2520 242 2549 aut
272 2515 426 2560 Taylori
461 2519 619 2560 conject.
656 2517 780 2565 ἕτερον
803 2519 974 2560 τιθέντι,
1007 2529 1116 2563 quam
1147 2516 1317 2551 Reiskius
1342 2528 1403 2550 re-

75 2575 202 2620 cepit,
236 2575 446 2622 *legendum
478 2584 556 2621 est,
591 2590 677 2613 cum
710 2579 849 2614 Wolfio
891 2579 1064 2624 Prolegg.
1100 2577 1146 2613 ad
1180 2579 1329 2623 Leptin.
1362 2589 1399 2622 p.

78 2636 224 2671 CXXX.
