1706 3058
462 199 1090 249 CAPUTKV.

187 315 295 362 De
356 310 741 358 mercede
792 311 1357 359 comitiorum.

182 492 307 533 Inter
324 484 530 544 publicas
560 483 834 542 largitiones,
869 498 1061 540 quarum
1096 489 1349 545 exemplum
1368 492 1446 534 Pe.

98 560 230 605 ricles
266 559 316 600 in
349 558 583 625 civitatem
621 555 795 612 primus
829 555 1080 605 invexerat,
1121 560 1231 600 haec
1263 575 1448 618 quoque

79 643 214 682 erat,v
237 641 288 674 ut
318 643 489 671 merces
525 630 743 683 quaedam
770 629 949 668 daretur
966 627 1309 683 pauperioribus
1333 633 1444 675 civi-

95 706 207 756 bus,
249 701 327 759 qui
363 700 413 742 in
446 699 641 743 comitiis
673 699 933 746 affuissent,
977 713 1066 754 quo
1099 700 1240 758 magis
1272 703 1446 748 scilicet

93 774 145 817 hi
176 788 357 831 quoque
389 774 441 813 ad
483 772 795 827 capessendam
838 769 1167 825 rempublicam
1205 773 1445 817 alliceren-

93 856 198 898 ,ταῖς
229 846 349 900 quod
381 859 516 900 quam
548 857 761 898 magnum
793 840 928 882 fuerit
959 843 1184 897 augendae
1217 845 1444 890 democra.

94 916 184 957 tiae
215 927 522 962 momentum,
556 928 689 969 supra
722 914 1080 954 demonstratum
1112 923 1192 955 est.
1254 919 1322 958 De
1357 932 1443 960 au..

93 997 220 1029 ctore
252 989 381 1038 hujus
413 984 614 1026 instituti
648 998 740 1024 non
772 981 988 1024 convenit
1030 981 1148 1025 inter
1179 986 1440 1043 scriptores.

91 1056 185 1101 Alii
217 1056 341 1099 enim
375 1055 644 1114 Agyrrhiurn
678 1055 862 1108 dicunt,
895 1055 1207 1109 Collytensem,
1241 1057 1321 1114 qui
1354 1059 1441 1102 cir.

93 1127 209 1172 citer
251 1129 321 1171 01.
361 1131 477 1171 XCII
517 1151 574 1159 —
611 1127 788 1169 XCVIII
835 1140 997 1183 magna
1045 1129 1168 1184 apud
1214 1132 1440 1185 populum

89 1200 231 1258 gratia
250 1211 295 1242 et
316 1199 582 1242 auctoritate
602 1195 820 1248 floruit¹)‚
853 1196 930 1237 alii
963 1197 1264 1241 Callistratum
1298 1216 1441 1257 quen-

36 1304 42 1308 -
94 1273 220 1322 dam,
262 1269 535 1330 cognomine
574 1272 827 1322 Parnyten,
876 1269 1105 1326 ceteroqui
1137 1269 1269 1312 nobis
1303 1272 1438 1330 igno-

90 1348 251 1400 tum2).
311 1346 458 1400 Atque
489 1343 542 1385 de
573 1339 790 1400 Agyrrhio
831 1339 1016 1399 quidem
1052 1352 1207 1386 auctor
1238 1355 1304 1387 est
1332 1345 1440 1399 Ari<

140 1472 175 1511 ι)
203 1469 356 1504 Mentio
382 1471 464 1511 eius
489 1475 548 1505 est
569 1481 649 1503 non
674 1468 795 1503 semel
820 1467 921 1513 apud
943 1467 1248 1514 Aristophanem,
1273 1478 1314 1506 ut
1331 1472 1433 1508 Plut.

88 1541 125 1564 v.
164 1530 246 1575 176,
284 1530 430 1564 Eccles.
464 1541 499 1563 v.
536 1541 613 1571 102,
661 1535 712 1571 et,
755 1540 986 1574 quamquam
1022 1541 1222 1575 suppresso
1262 1535 1436 1578 nomine,

89 1591 186 1625 Ran.
213 1603 247 1624 v.
274 1591 356 1636 367,
383 1590 447 1623 ubi
471 1589 545 1623 vid.
572 1588 735 1623 Brunck.
761 1589 1044 1624 Demosthenes
1069 1601 1224 1636 quoque
1247 1595 1328 1637 ejus
1352 1607 1438 1631 me-

89 1651 214 1692 minit,
242 1662 296 1685 or.
324 1650 407 1684 adv.
429 1650 636 1683 Timocrat.
663 1661 699 1693 p.
726 1661 806 1695 742.
833 1649 965 1685 ἔπειτα
986 1647 1187 1696 Ἀγιῖῤῥιον
1203 1652 1269 1688 τόν
1291 1655 1437 1692 Κολυτ.

89 1714 159 1747 vioe
185 1711 412 1756 (Κολλυτέα)
436 1708 553 1754 ἄνδρα
578 1708 737 1755 χρηστόν
760 1714 822 1744 καὶ
848 1706 1046 1754 δημοτικόν
1069 1716 1132 1747 καὶ
1155 1718 1242 1758 περὶ
1267 1714 1312 1750 τό
1337 1716 1437 1761 πλῆ-

88 1773 162 1808 θος
185 1770 228 1806 τό
256 1769 433 1817 ὖμὲτερον
447 1769 571 1806 πολλαὶ
595 1767 867 1809 σπουδάσαντα.
918 1771 1133 1816 Xenophon
1157 1779 1307 1818 autem,
1340 1776 1437 1811 Hel..

88 1831 167 1867 len,
194 1833 260 1867 IV.
286 1837 319 1870 8.
355 1843 396 1876 31
425 1837 465 1865 et
490 1830 639 1865 Diodor
661 1832 760 1866 XIV.
794 1844 839 1878 99
865 1841 953 1866 eum
977 1831 1214 1879 Thrasybulo
1249 1837 1290 1869 in
1313 1838 1440 1883 impe·-

87 1892 147 1927 rio
186 1891 302 1926 Lesbi
342 1892 570 1926 successisse
602 1899 778 1933 nari-anm
821 1903 920 1938 quae
959 1903 1020 1926 res
1062 1895 1233 1940 pertinet
1277 1897 1326 1931 ad
1370 1899 1438 1934 01.

86 1953 240 1988 XCVII.
276 1963 310 1997 3.
358 1950 573 1999 Στρατῃγός
605 1959 786 1996 vocatur,
819 1953 888 1987 sed
918 1950 1195 2001 θηλυδριαῖὃης,
1221 1957 1267 1992 ab
1292 1959 1438 1994 Aristo—

88 2013 227 2060 phanis
254 2013 454 2048 Scholiast.
482 2012 530 2047 ad
552 2013 702 2047 Eccles.
725 2026 759 2049 v.
797 2025 874 2048 102.
931 2014 1042 2060 Apud
1076 2017 1313 2053 Andocidem
1339 2032 1436 2067 quo-

89 2087 168 2122 que
193 2074 241 2108 de
265 2080 421 2120 myster.
456 2085 496 2119 p.
534 2086 586 2120 ¹7·
622 2074 752 2118 Steph.
779 2074 987 2120 Agyri-hius
1011 2076 1165 2122 quidam
1188 2079 1433 2125 nominatur;

87 2136 142 2170 ita
166 2135 269 2170 enim
292 2135 346 2168 ibi
370 2146 438 2180 pro
463 2135 644 2180 Argyrius
668 2135 875 2180 legendum
901 2147 1006 2180 esse,
1039 2139 1117 2180 iam
1140 2139 1204 2173 aiii
1229 2139 1435 2185 viderunt3

87 2196 157 2231 sed
179 2195 283 2230 idem
307 2195 370 2230 hic
393 2195 463 2238 sit,
490 2207 540 2229 an
564 2195 672 2238 alius,
697 2196 900 2232 incertum.
953 2200 1136 2233 Ceterum
1159 2199 1208 2233 cf.
1235 2200 1357 2235 vales.
1384 2202 1437 2238 ad

85 2257 272 2302 Hal-pocr-
299 2268 336 2302 p.
364 2267 396 2291 2.
425 2262 463 2289 et
489 2255 537 2290 ad
559 2257 750 2292 Maussac.
769 2269 805 2302 p.
830 2270 923 2304 209„
949 2260 1095 2294 Meurs.
1123 2261 1245 2295 Lectt.
1266 2263 1343 2297 Att.
1365 2264 1434 2298 VI.

85 2330 123 2363 4,
147 2318 317 2354 Ducker.
345 2316 392 2353 ad
416 2318 664 2352 Arist.·P1ut.
700 2331 735 2353 v.
772 2319 863 2365 126„
892 2320 1039 2354 Corsin.
1075 2321 1113 2354 F.
1139 2323 1182 2355 A.
1208 2322 1308 2356 Diss.
1344 2324 1430 2359 VH.

86 2378 382 2425 Harpocration,
407 2378 448 2412 in
473 2377 650 2423 θεωρικά,
673 2378 950 2414 Theoricorum
973 2391 1127 2426 quoque
1152 2382 1434 2420 distribuendo-

87 2451 177 2474 rum
210 2439 377 2485 primum
408 2445 606 2473 auctorem
637 2438 754 2474 fuisse
787 2439 877 2474 dicit
914 2440 1163 2486 Agyrrhium,
1199 2455 1275 2490 qua
1308 2445 1356 2480 de
1387 2458 1434 2482 re

88 2500 181 2546 quid
204 2499 445 2534 sentiendum
470 2500 539 2543 sit,
572 2499 647 2534 vid.
672 2499 850 2541 ‚Boecklu
885 2501 1187 2547 staatshaushalt
1219 2504 1256 2541 d.
1289 2505 1429 2543 Athen.

87 2561 198 2595 Tom.
226 2561 256 2594 1.
283 2571 321 2605 p.
356 2561 424 2605 236
448 2567 488 2596 et
513 2573 593 2606 240.

133 2630 171 2672 2)
199 2629 259 2667 Cf.
295 2629 464 2667 Boeckh.
496 2629 521 2664 1.
546 2630 572 2665 1.
598 2642 634 2676 p.
661 2631 739 2678 246.

1115 2698 1154 2740 E
