1706 3058
254 76 336 121 308

259 200 308 227 ae
337 183 664 241 praefectorum
694 178 840 221 civilis
878 177 1066 221 societas
1098 186 1219 235 eget3
1256 190 1404 234 neque
1429 190 1581 222 tamen

259 270 331 298 cos
371 267 547 301 omnes,
597 251 694 292 sive
743 262 861 292 sorte
910 250 1174 306 capiuntur,
1217 249 1312 291 sive
1360 249 1582 306 suffragiis

259 337 486 370 creantur,
519 321 856 378 magistratuum
886 323 986 362 loco
1019 320 1171 361 haberi
1205 331 1402 375 oportet;
1436 319 1583 362 veluti

257 397 452 453 primum
495 395 768 440 sacerdotes,
811 406 1001 448 quorum
1041 406 1204 432 munus
1236 393 1427 433 multum
1455 407 1481 433 a
1515 392 1586 434 ci·—

258 465 342 507 vili
383 474 601 520 potestate
643 463 918 515 disjunctum
963 474 1053 511 est;
1107 476 1239 517 porro
1284 464 1498 518 chore-gos
1542 472 1586 504 et

259 549 521 594 praecones,
563 534 762 590 itemque
802 537 991 588 legatos,
1031 535 1107 588 qui
1148 545 1190 574 et
1231 532 1317 588 ipsi
1359 549 1380 573 a
1411 532 1586 575 civibus

258 606 396 649 creari
415 606 573 646 solent.
635 605 717 646 Sed
737 603 989 646 curationes
1009 604 1119 645 aliae
1150 603 1303 644 civiles
1327 616 1442 653 sunt,
1476 619 1587 659 quae

261 690 337 721 aut
367 679 419 718 ad
450 689 603 717 omnes
635 675 755 716 cives
786 676 1034 731 pertinent,
1069 676 1217 730 quoad
1246 685 1414 715 certam
1445 689 1588 729 quan-

261 752 364 790 dam
396 762 487 788 rem
520 759 569 786 ac
600 744 858 800 negotium5
890 747 1011 786 velut
1033 744 1464 801 imperatori'omnes
1489 747 1588 786 sub-

259 819 362 875 jecti
394 829 495 859 sunt
525 816 792 864 militantes3
847 827 923 856 aut
953 817 1005 856 ad
1036 827 1207 872 partem
1247 814 1463 870 aliquam,
1505 829 1587 857 cu-

259 890 455 947 jusmodi
489 900 643 929 eorum
675 896 741 928 est
767 886 958 934 curatio,
991 886 1069 943 qui
1101 886 1394 943 γυναικονόμοι
1425 897 1468 927 et
1498 902 1589 930 παι-

260 966 431 1017 δονόμοι
462 960 753 1016 appellantur.
824 956 945 999 Aliae
987 956 1238 999 curationes
1272 958 1588 1001 oeconomicae

259 1047 391 1082 sunt,
423 1034 548 1073 velut
579 1043 761 1077 eorum,
795 1028 872 1083 qui
902 1043 1032 1084 saepe
1066 1027 1203 1069 creari
1237 1029 1402 1080 solent,
1431 1045 1590 1084 σιτομε-

258 1113 390 1165 τρῶνς
422 1102 533 1145 aliae
566 1098 764 1155 denique
795 1097 1058 1140 ministeriis
1083 1101 1438 1140 adnumerandae
1467 1109 1588 1148 sunt,

259 1191 375 1234 quae
415 1173 597 1230 quidem
638 1169 688 1210 in
737 1169 1093 1224 opulentioribus
1146 1169 1406 1211 civitatibus
1449 1168 1590 1212 servis

260 1244 463 1290 mandari
493 1245 652 1285 solent.
717 1239 1005 1295 Magistratus
1039 1251 1195 1281 autem
1234 1240 1269 1280 ii
1297 1239 1590 1296 potissimum

260 1314 454 1360 vocandi
494 1323 620 1360 sunt,
662 1309 827 1366 quibus
869 1308 1093 1350 tributum
1133 1322 1218 1358 est,
1271 1322 1325 1351 ut
1362 1313 1416 1352 de
1457 1314 1588 1354 rebus

259 1387 532 1446 quibusdam
562 1383 797 1425 consulant
836 1389 879 1420 et
909 1379 1114 1431 judicent
1155 1392 1198 1422 et
1228 1380 1473 1437 imperent3
1520 1393 1593 1424 at·-

260 1473 349 1517 que
379 1460 467 1498 hoc
506 1453 686 1511 quidem
724 1447 983 1508 praecipue,
1026 1462 1077 1492 ut
1118 1450 1350 1507 imperent.
1425 1456 1475 1498 Τὸ
1513 1454 1592 1511 γὰρ

258 1528 504 1579 ἐπιτάττειν,
544 1524 714 1581 inquit,
753 1522 1023 1579 ἀρχικώτερόν
1061 1526 1182 1570 ἔστιν.
1252 1525 1336 1566 Sed
1376 1526 1431 1565 ad
1462 1539 1594 1566 com-

261 1613 448 1643 munem
478 1612 608 1638 usum
639 1609 731 1636 non
770 1594 922 1651 magni
965 1593 1185 1636 momenti
1218 1605 1282 1635 est
1313 1598 1422 1637 haec
1453 1610 1591 1652 quae-

263 1667 455 1725 sti02.)“
515 1664 636 1708 Haec
674 1664 778 1716 ille,
820 1677 861 1707 et
904 1681 1007 1706 vere
1047 1666 1254 1721 quidem,
1295 1663 1428 1707 etiam
1460 1667 1587 1716 illud,

263 1742 384 1798 quod
413 1740 468 1779 ad
499 1751 784 1779 communem
817 1751 950 1776 usum
982 1751 1071 1778 non
1101 1735 1252 1791 magni
1285 1737 1504 1778 momenti
1538 1737 1590 1780 il-

260 1815 350 1854 lam
380 1806 687 1866 quaestionem
720 1820 813 1846 esse
844 1805 969 1847 dicit.
1038 1809 1152 1848 Nam
1193 1809 1311 1861 apud
1342 1807 1592 1850 Athenien-

262 1897 331 1925 ses
358 1880 542 1938 quidem
570 1876 848 1933 magistratus
878 1876 1043 1933 (ἀρχῆς)
1089 1877 1327 1932 appellatio
1357 1894 1502 1936 neque
1531 1881 1590 1923 le-

262 1953 376 2011 gatis
404 1963 450 1994 et
479 1946 865 1995 caduceatoribus,
898 1962 1045 2002 neque
1076 1946 1418 2003 inquisitoribus
1459 1955 1589 2008 (ζητη,

261 2028 368 2076 ταῖς)
399 2035 444 2064 et
473 2019 754 2078 publicarum
785 2032 1018 2059 causarum
1049 2017 1266 2073 patronis,
1299 2032 1447 2074 neque
1477 2020 1591 2062 scri-

262 2096 331 2138 bis
364 2092 555 2148 denique
586 2088 925 2145 invidebatur³),
959 2087 1226 2145 quamquam
1259 2092 1419 2131 horum
1440 2089 1591 2132 omni-

263 2181 342 2208 um
382 2161 555 2206 nemini
594 2170 740 2215 neque
786 2159 1054 2201 consulendi
1096 2174 1281 2209 munus,
1334 2175 1477 2216 neque
1517 2165 1589 2214 ju..

264 2235 446 2278 dicandi
476 2242 670 2290 potestas
701 2243 844 2286 neque
863 2229 1114 2285 imperandi
1136 2233 1204 2281 jus
1237 2229 1456 2272 tributum
1483 2243 1587 2276 erat.

263 2309 351 2351 Sed
381 2317 554 2351 tamen,
595 2301 684 2359 ubi?
712 2299 967 2342 distinctius
1009 2301 1137 2359 loqui
1174 2300 1310 2351 velis,
1348 2300 1385 2342 ii
1415 2315 1584 2351 omnes,

310 2468 344 2512 2)
372 2467 525 2500 Aristot.
550 2464 699 2498 Pontio.
735 2464 797 2499 IV.
825 2474 902 2509 cap.
943 2474 993 2509 15.
1031 2465 1088 2500 Cf.
1124 2466 1251 2511 Sigon.
1289 2466 1336 2501 de
1368 2466 1462 2511 Rep.
1498 2464 1583 2500 Ath.

260 2529 327 2563 IV.
354 2539 433 2571 cap.
464 2538 492 2559 1.

306 2597 342 2642 3)
368 2595 452 2629 v1d.
479 2593 748 2629 Hudtwalcker
765 2617 774 2634 ,
802 2591 850 2627 de
872 2593 1080 2638 Diaetetis,
1105 2605 1141 2639 p.
1168 2604 1222 2639 32.

1677 0 1704 52 Ἦ

1672 53 1704 91 ³)

1667 85 1706 319 ‘i
