1706 3058
1376 82 1456 126 279

127 189 218 221 tem
248 173 444 217 dubitari
474 187 611 229 posse
633 173 832 229 videtur,
875 175 999 231 apud
1025 170 1134 232 quos
1165 172 1333 226 judices
1363 178 1455 219 hu-.

124 246 322 302 jusmodi
355 260 504 286 causae
535 247 728 301 agendae
760 246 941 291 fuerint.
1003 250 1117 289 Nam
1149 261 1199 289 ex
1224 248 1319 302 lege
1351 262 1454 302 qua.

125 323 250 368 dam,
283 319 331 361 in
363 313 676 374 Demosthenis
710 315 1014 366 Timocratea,
1049 316 1292 369 conjecerit
1324 313 1454 358 forsi-

122 403 197 433 tan
226 389 414 446 aliquis,
459 388 573 428 solos
615 390 907 429 Nomothetas
945 388 1164 439 judicium
1199 389 1253 429 de
1284 386 1341 429 iis
1374 391 1451 430 ha-

122 465 281 506 baisse.
341 466 466 503 Vetat
497 458 619 500 enim
651 474 724 507 ea„
756 461 892 500 ullam
924 474 974 499 ex
1011 458 1237 499 veteribus
1277 459 1452 515 legibus

120 535 243 582 tolli,
275 530 363 574 nisi
395 531 513 584 apud
537 532 842 571 Nomothetas.
903 531 1044 584 Atque
1069 530 1185 584 apud
1216 532 1297 570 hos
1330 530 1453 586 ipsos

118 606 180 646 ita
212 606 391 644 demum
421 600 470 640 id
501 599 596 647 fieri
628 601 876 656 permittit,
915 599 951 641 si
980 599 1029 640 in
1061 604 1175 650 ejus,
1220 615 1330 656 quae
1362 602 1450 641 tol-

116 678 250 724 latur,
279 667 429 715 locum
453 687 570 713 nova
603 673 940 730 subrogetur⁶⁵).
1002 673 1086 712 Sed
1117 670 1309 726 pertinet
1340 674 1450 715 haec

117 749 185 788 lex
216 745 313 786 sine
345 744 480 785 dubio
513 745 565 783 nd
595 745 826 785 solennem
859 743 982 784 inam
1016 745 1165 798 legum
1197 758 1445 792 censuram,

117 832 232 873 quae
260 818 341 857 sub
374 815 480 857 anni
512 816 662 866 initia,
695 814 960 872 abrogandis
993 813 1240 862 veteribus,
1284 829 1444 870 rogan..

117 887 275 943 disque
306 886 433 927 novis
466 890 773 944 peragebatur3
814 886 1006 941 ideoque
1036 890 1124 937 jam
1154 900 1303 940 supra,
1339 895 1446 929 cum.

115 961 228 1000 hanc
258 956 579 1004 describerem,
613 973 641 1002 a,
670 973 741 998 me
772 956 974 999 adhibita
1007 968 1087 1002 est.
1148 960 1269 999 Num
1302 955 1443 1013 igitur

113 1027 202 1068 alio
235 1029 360 1069 nullo
395 1039 593 1083 tempore
624 1030 740 1084 leges
772 1027 1029 1083 impugnari
1061 1040 1105 1068 et
1136 1028 1334 1083 abrogari
1364 1041 1444 1082 po-

112 1098 331 1140 tuerunt?
373 1114 520 1154 neque
558 1098 707 1145 aliter,
752 1113 885 1153 quam
926 1099 974 1149 in
1016 1099 1193 1139 solenni
1224 1099 1311 1140 isto
1342 1101 1442 1146 No·-¹

109 1171 411 1211 mothetarum
452 1169 695 1214 consessu?
766 1171 816 1211 Id
863 1183 953 1224 quo
995 1169 1143 1210 minus
1194 1171 1437 1217 credamus,

110 1242 251 1282 obstat
280 1238 596 1281 Demosthenis
629 1239 773 1282 oratio
806 1242 1014 1282 adversus
1039 1240 1288 1297 Lepfinem,
1324 1255 1439 1296 quae

112 1326 202 1354 una
241 1325 291 1352 ex
328 1313 417 1365 hoc
457 1325 617 1366 genere
666 1310 803 1352 hodie
853 1323 1067 1366 superest.
1144 1314 1438 1367 Impugnatul:

109 1381 232 1423 enim
273 1391 316 1422 et
354 1384 587 1437 abrogatur
626 1383 708 1421 hac
752 1381 952 1423 oratione
998 1384 1068 1423 lex
1119 1385 1334 1438 quaedam
1382 1385 1437 1426 de

110 1451 317 1496 tollendis
349 1451 731 1502 immunitatibus,
767 1452 886 1509 ipso,
918 1451 1004 1512 qui
1030 1451 1437 1511 tulerat,'Leptine

108 1601 288 1645 judicium
311 1602 428 1636 fuisse
452 1601 659 1639 ι’πεῦθυνος
683 1610 748 1637 aut
772 1602 895 1646 ἔνοχος
917 1603 965 1651 τῇ
988 1603 1063 1639 τοῖν
1086 1601 1316 1648 παρανόμων
1339 1613 1434 1651 γραᾼ

108 1662 169 1710 φῆ.
219 1664 376 1709 „Quare
401 1663 530 1705 cavi‚“
554 1663 689 1708 inquit,
715 1674 792 1705 „ne
817 1675 904 1697 cum
929 1665 1053 1698 Petito
1080 1670 1119 1698 et
1140 1664 1307 1708 refiquis,
1337 1672 1433 1708 quos

108 1725 198 1774 vidiz
218 1725 290 1758 hoc
314 1725 354 1757 in
378 1734 520 1768 genere
545 1724 721 1766 dicerem,
748 1725 909 1758 latorem
928 1724 1147 1758 indemnem
1165 1724 1279 1758 fuisse
1300 1728 1431 1757 exacto

109 1784 239 1829 alege
264 1783 341 1824 lata
365 1785 507 1823 annof‘
553 1784 650 1817 Huic
683 1785 750 1818 viri
783 1785 986 1823 acutissimi
1018 1785 1229 1828 sententiae
1255 1784 1430 1829 equidem

106 1855 183 1879 non
215 1855 369 1890 possum
402 1844 633 1889 adstipulari.
692 1846 861 1894 I'rimum
895 1846 997 1879 enim
1027 1847 1132 1880 locus
1155 1846 1228 1879 iste
1253 1856 1297 1878 ex
1323 1856 1431 1888 argu·

105 1911 235 1939 mento
269 1906 495 1950 Leptineae‚
534 1917 607 1949 quo
644 1907 724 1939 solo
759 1907 818 1939 hic
853 1906 1030 1949 nitimur,
1067 1907 1160 1940 nihil
1194 1905 1295 1939 aliud
1327 1905 1428 1946 dicit,

107 1976 221 2010 quam
247 1964 353 2010 quod
373 1976 394 1997 a
417 1965 540 1998 Petito
555 1990 565 2006 ‚
593 1977 628 2010 p.
659 1972 733 2010 183·
752 1966 918 2010 positum
935 1973 1011 2009 est3
1037 1972 1080 2000 ut
1102 1967 1141 2001 in
1166 1967 1346 1999 XVolfium
1371 1977 1429 1999 re-

105 2025 276 2070 torqueri
300 2025 438 2070 possit,
465 2025 566 2069 quod
598 2027 679 2070 ipse
702 2026 741 2058 in
766 2027 932 2060 Petitum
967 2027 1074 2061 dixit:
1104 2028 1247 2060 vellem
1281 2032 1428 2060 senten-

105 2087 197 2120 tiam
222 2097 327 2120 suam
352 2096 426 2119 uno
452 2086 606 2131 antiquo
632 2092 730 2131 teste
752 2087 958 2132 probasset.
1010 2087 1122 2129 Dein,
1151 2086 1251 2133 quod
1276 2086 1322 2119 de
1343 2087 1428 2118 Pse-

107 2148 336 2194 phismatum
363 2157 514 2191 quoque
538 2146 718 2188 latoribus
741 2147 844 2182 idem
866 2147 1027 2180 valuisse
1052 2147 1145 2189 dicit>
1166 2153 1298 2184 auctor
1319 2157 1430 2190 argu-

106 2208 244 2250 menti,
285 2208 357 2240 hoc
382 2207 504 2251 ipsum
530 2206 616 2240 satis
644 2207 893 2248 demonstrat,
933 2219 1019 2242 eum
1051 2214 1154 2241 recte
1180 2221 1205 2252 a*
1225 2207 1346 2242 Petito
1371 2208 1428 2240 in-

106 2269 304 2303 tellectum
328 2279 420 2302 esse.
473 2268 572 2313 Quid
596 2268 702 2311 enim„
720 2268 1037 2303 Nomothetarum
1068 2269 1249 2311 judicium
1272 2279 1282 2299 s
1306 2277 1316 2299 ι
1346 2270 1429 2302 fse-

105 2329 293 2376 phismata
317 2329 561 2374 pertinebat?
609 2329 784 2374 Denique
801 2330 907 2362 issam
924 2330 1053 2362 Wolfii
1077 2330 1312 2374 opinionem,
1331 2340 1428 2374 quae

104 2389 194 2429 huic
219 2389 457 2435 explicationi
480 2401 548 2434 pro
572 2388 817 2423 fundamento
845 2400 926 2423 esse
949 2389 1115 2434 videtur,
1141 2389 1429 2434 improbabilem

108 2460 210 2491 esse,
237 2461 349 2495 supra
373 2451 633 2484 demonstrare
667 2457 822 2484 conatus
847 2461 941 2484 sum.

153 2541 211 2585 65)
237 2542 440 2584 Demosth,
463 2542 544 2576 adv.
571 2543 777 2585 Timocran
802 2556 838 2590 p.
866 2555 944 2590 7¹0·
971 2545 1058 2590 Ipsa
1075 2544 1136 2578 Iex
1159 2554 1182 2579 a
1203 2542 1309 2578 nobis
1325 2541 1429 2591 paul·

110 2602 144 2635 10
170 2607 258 2635 ante
283 2601 469 2648 adscripta
494 2609 560 2638 est.
