1706 3058
1338 90 1417 133 552

96 195 374 241 Clisthenem
404 207 568 250 usque,
609 207 878 250 quamquam
921 191 1158 236 immutata
1188 194 1423 250 paullatim

95 268 292 314 ratione,
335 269 596 323 perdurasse
635 277 678 306 et
709 281 786 321 per
816 264 1010 306 colonias
1041 279 1092 305 ex
1114 265 1253 307 Attica
1287 266 1423 310 etiam

93 341 141 383 in
174 340 318 380 Asiam
365 336 615 379 translatam
658 351 749 378 esse
779 335 957 377 scimus.
1020 337 1188 379 Harum
1219 338 1422 382 tribuum

94 409 281 454 nomina
322 410 505 450 fuerunt
544 410 756 457 Γελέοντες
795 414 1047 462 (quamqam
1089 408 1164 448 alii
1206 414 1423 462 Γεδέοντες

93 483 292 525 scribunt
307 489 381 522 ant
407 480 644 531 Τελέοντες),
666 478 886 532 ”Ὀπλητες,
912 478 1140 535 Ἀργαδεῖς,
1171 486 1419 538 Αἰγικορεῖς,

93 557 162 595 De
194 552 426 594 nominum
462 551 602 591 forma
633 558 676 591 et
706 549 1024 605 significatione
1054 560 1097 592 et
1129 554 1183 592 de
1215 554 1421 596 universa

93 627 248 666 harum
273 622 467 665 tribuum
492 624 661 664 ratione
683 637 829 677 neque
842 630 1011 663 veteres
1032 623 1146 665 inter
1165 638 1210 664 se
1231 639 1420 666 consen-

90 698 233 750 finnt,
266 704 309 737 et
339 695 634 736 recentiorum
668 695 865 736 diversae
897 703 1000 736 sunt
1030 696 1298 744 sententiae3
1339 699 1418 738 sed

88 769 230 826 ipsam
255 768 455 810 tribuum
481 766 822 822 descriptionem
844 767 896 806 ab
911 767 1017 807 Ione
1029 781 1180 808 omnes
1195 777 1419 823 repetunt,

88 847 139 881 ut
159 840 307 880 nullus
339 840 392 879 de
424 852 474 879 eo
510 839 753 879 fabularum
787 837 1005 879 dissensus
1038 838 1169 880 fuisse
1198 839 1419 882 videatur.

89 911 174 953 Sed
206 924 308 952 cum
342 914 490 952 Ionem
524 910 615 964 ejus
647 917 877 950 auctorem
907 909 1044 951 fuisse
1076 909 1246 960 dicunt,
1278 912 1420 953 detra-

86 983 169 1024 ctis
210 982 456 1022 fabularum
499 979 767 1030 involucris,
808 981 915 1022 nihil
959 983 1076 1023 aliud
1118 983 1294 1035 dicunt,
1333 985 1420 1028 nisi

86 1055 195 1098 hoc:
228 1061 371 1095 ortam
403 1068 499 1094 eam
532 1068 625 1094 esse
654 1053 729 1094 illo
760 1062 971 1108 tempore,
1004 1069 1106 1096 cum
1141 1062 1242 1109 post
1273 1056 1417 1097 Helle·

87 1139 201 1166 num
243 1140 266 1166 e
306 1125 528 1166 Thessalia
567 1125 613 1166 in
651 1124 842 1165 Atticam
886 1126 1128 1168 adventum
1171 1141 1418 1182 eorumque

86 1211 192 1243 cum
224 1196 446 1237 veteribus
485 1196 641 1237 incolis
680 1195 1040 1247 conjunctionem
1081 1199 1272 1253 populus
1305 1198 1418 1240 Atti-

85 1281 164 1315 cus
206 1268 390 1314 Ionum,
440 1275 554 1308 terra
594 1274 741 1308 autem
774 1266 924 1308 Ioniae
974 1269 1159 1310 nomine
1200 1272 1418 1326 appellata

85 1339 154 1383 ait.
226 1340 346 1379 Haec
387 1352 654 1394 quamquam
697 1337 816 1379 varie
855 1353 879 1378 a
910 1340 1049 1394 poetis
1086 1341 1242 1382 tradita
1275 1350 1414 1395 erant,

86 1425 136 1455 ea
168 1419 318 1452 tamen
350 1418 558 1451 cons-tans
588 1411 707 1451 inter
738 1424 893 1450 omnes
923 1411 1036 1452 fama
1066 1412 1200 1453 fuisse
1219 1414 1414 1466 videtur,

85 1483 297 1524 Hellenes
317 1481 422 1523 istos
446 1495 536 1522 non
560 1481 706 1522 hostili
726 1481 896 1536 impetu
915 1482 961 1522 in
981 1483 1162 1525 Atticam
1186 1483 1412 1539 irrupisse,

84 1567 231 1608 neque
276 1553 458 1594 devictis
497 1553 648 1608 priscis
687 1552 844 1594 incolis
888 1568 1066 1596 omnem
1110 1563 1267 1597 terram
1307 1571 1414 1597 suae

87 1626 265 1669 ditionis
308 1625 485 1677 fecisse,
525 1626 602 1665 sed
642 1624 779 1679 patria
820 1639 896 1665 sua
929 1627 1096 1666 exsules
1128 1628 1180 1667 ab
1211 1628 1294 1668 illis
1326 1630 1411 1668 be-

81 1699 219 1752 nigne
249 1703 449 1751 receptos
482 1694 734 1750 mutuisque
765 1697 1000 1739 connubiis
1032 1711 1137 1739 cum
1166 1698 1219 1739 iis
1250 1699 1410 1741 mistos

86 1783 204 1815 esse,
245 1775 377 1823 atque
414 1765 518 1806 inde
554 1767 797 1808 conflatum
838 1783 861 1808 e
893 1770 1057 1810 duabus
1087 1771 1293 1827 gentibus
1322 1786 1410 1826 po-

81 1840 240 1896 pulum
272 1852 393 1879 novo
426 1841 582 1878 Ionum
616 1838 796 1880 nomine
827 1840 1025 1894 appellari
1052 1842 1261 1897 coepisse.
1301 1845 1410 1885 Nat-

84 1920 179 1952 rant
214 1910 424 1965 enim20),
454 1911 668 1953 Xuthum,
703 1910 899 1952 Hellenis
921 1910 1076 1965 filium,
1109 1915 1165 1954 ob
1198 1923 1407 1959 navatam

81 1981 128 2025 in
170 1982 287 2022 bello
329 1989 478 2022 contra
519 1981 799 2022 Euboeenses
844 1997 1020 2038 operam
1063 1986 1115 2025 ab
1157 1988 1405 2029 Erechtheo

83 2067 220 2109 regno
253 2059 476 2108 receptum
509 2067 532 2092 e
566 2052 751 2101 Creusa,
794 2055 906 2103 regia
946 2055 1056 2102 filia,
1097 2059 1253 2098 Ionem
1293 2073 1407 2114 pro-

82 2137 267 2168 creasse.
326 2125 432 2165 Post
454 2131 618 2171 autem,
649 2125 859 2170 nimirum
890 2135 1017 2169 aucta
1037 2128 1268 2172 hominum
1290 2132 1404 2173 mul·

80 2195 296 2242 titudine,
329 2195 545 2237 coloniam
579 2197 751 2246 Xutho,
791 2209 890 2248 aut,
932 2208 982 2242 ut
1020 2201 1165 2255 plures
1206 2204 1403 2254 tradunt,

81 2268 188 2310 lone
219 2268 333 2308 duce
361 2267 409 2307 in
439 2266 682 2321 Aegialeam
713 2270 991 2319 concessisse,
1024 2286 1157 2328 quam
1188 2282 1232 2316 et
1259 2274 1402 2332 ipsam

128 2393 187 2435 20)
216 2392 295 2426 Vid.
320 2391 504 2438 imprimis
530 2392 656 2439 Eurip.
685 2396 766 2430 Ion.
801 2408 834 2430 v.
870 2407 885 2430 1
911 2415 955 2423 —
979 2408 1057 2444 75.‚
1093 2399 1141 2433 cf.
1177 2412 1210 2434 v.
1245 2412 1326 2448 1571
1356 2422 1399 2430 —

84 2461 185 2498 ¹594.
211 2451 332 2487 strab.
360 2454 464 2488 VIII.
491 2466 525 2499 p.
551 2459 628 2499 383.
658 2456 825 2500 Apollod.
861 2458 890 2491 Ι.
916 2470 949 2505 7.
986 2470 1018 2504 3.
1056 2461 1211 2496 Pausan.
1247 2462 1397 2498 Achaic.

83 2523 116 2546 c.
142 2525 175 2560 7.
203 2515 261 2548 Cf.
289 2514 446 2548 Meursii
469 2515 590 2560 Regn.
617 2518 692 2550 Att.
720 2518 770 2551 11.
799 2529 878 2563 cap.
915 2525 947 2558 8.
987 2532 1039 2556 ιο.
1078 2534 1129 2566 13.
1172 2535 1222 2567 ¹4-
1272 2525 1396 2569 Heyn.

79 2572 128 2608 ad
156 2575 322 2620 Apollod.
349 2575 444 2609 obss.
469 2587 506 2621 p.
533 2589 588 2620 40.
617 2583 655 2611 et
679 2588 756 2622 340.
807 2579 1051 2616 Hiilsemann.
1079 2583 1126 2618 de
1142 2583 1261 2628 myth.
1286 2585 1396 2621 Attic.

77 2638 169 2669 ante
190 2634 321 2682 Eurip.
347 2637 481 2673 Ionem
504 2637 551 2671 ab
576 2649 623 2673 eo
643 2638 807 2684 editum,
831 2651 869 2685 p.
896 2651 948 2685 31.
974 2651 1030 2688 sq.
