1706 3058
1355 144 1430 187 107

111 253 186 286 tur
205 243 248 288 οἷ
263 241 556 299 mammes-¹¹).
589 239 806 297 Quamvis
828 247 977 283 autem
997 234 1206 280 omnibus
1237 237 1434 297 promis-

112 327 196 355 cue
217 311 366 354 dicere
382 311 555 359 licebat,
581 313 818 367 surgebant
839 322 987 352 tamen
1001 309 1266 365 plerumque
1288 308 1322 349 ii
1345 321 1436 350 tan-

109 393 231 433 tum,
263 381 341 440 qui
373 393 462 426 arte
493 384 680 439 quadam
712 381 892 423 dicendi
925 391 968 422 et
989 380 1193 420 facultate
1225 379 1435 421 instructi
1487 390 1490 392 ·

108 464 154 496 et
183 453 231 494 in
263 453 488 495 rhetorum
522 452 686 495 scholis
717 451 882 495 eruditi
915 461 1061 497 erant,
1095 450 1149 491 iis
1183 462 1300 492 certe
1331 462 1436 491 tem·

109 524 318 582 poribus,
363 539 466 566 cum
508 523 793 580 eloquentiae
833 522 945 564 ratio
976 522 1143 563 mirum
1174 522 1223 562 in
1254 523 1436 563 modurn

110 597 283 638 exculta
315 606 358 637 et
389 597 608 652 perfecta,
644 605 686 635 et
717 594 835 636 cives
856 593 1109 635 artificiosis
1139 605 1182 634 et
1203 593 1438 648 diligenter

110 668 343 709 elaboratis
377 667 652 710 orationibus
685 665 847 707 assueti
880 675 1016 707 erant.
1079 668 1262 707 Factum
1286 664 1344 705 ita
1376 675 1441 705 est

109 736 381 793 saepissime,
415 750 466 780 ut
485 753 579 780 non
604 736 680 794 qui
711 739 763 777 ad
785 751 852 777 res
871 738 1080 793 gerendas
1101 735 1334 792 aptissimi,
1365 739 1443 777 sed

112 807 192 864 qui
233 808 280 849 in
323 808 516 852 dicendo
549 807 903 853 exercitatissimi
946 818 1109 856 essent,
1153 807 1313 863 populi
1353 821 1441 849 vo·-

110 881 330 921 luntatem
362 884 418 924 ad
450 881 683 923 arbitrium
714 895 845 922 suum
876 882 1104 922 flecterent
1135 889 1440 934 regerentque,

107 953 276 1006 Atque,
314 952 433 1006 quod
473 949 671 1005 antiquis
701 950 975 1006 temporibus
1006 951 1098 991 fere
1135 947 1337 991 accidere
1367 963 1442 990 so-

108 1023 248 1071 lebat,
290 1032 344 1063 ut
383 1021 462 1077 qui
503 1020 610 1061 foris
641 1013 942 1077 “imperatoria
987 1022 1118 1061 laude
1164 1023 1441 1071 excellerent,

109 1091 252 1134 iidem
283 1092 407 1137 domi
439 1106 620 1148 quoque
651 1092 918 1135 auctoritate
949 1095 1067 1150 apud
1099 1092 1315 1150 populum
1345 1093 1443 1148 plu·

108 1162 275 1205 rimum
307 1165 529 1216 valerent,
568 1174 611 1204 et
642 1162 690 1204 in
722 1163 922 1206 comitiis
952 1165 1085 1206 etiam
1115 1163 1213 1205 sine
1245 1174 1337 1204 arte
1370 1162 1444 1204 di-

107 1232 237 1276 cendi
267 1234 430 1291 primas
461 1245 607 1290 partes
639 1235 988 1289 sustinerent12),
1020 1235 1068 1277 id
1101 1247 1248 1280 totum
1278 1233 1442 1276 immu-

107 1316 251 1347 tatum
283 1317 375 1347 erat
404 1304 726 1361 posterioribus
757 1306 1059 1364 temporibus,
1092 1323 1195 1350 cum
1226 1321 1322 1347 non
1353 1311 1442 1360 Jam

107 1377 366 1426 Miltiades,
408 1375 760 1425 Themistocles,
803 1377 1064 1429 Myronides
1096 1393 1343 1435 eorumque
1380 1379 1446 1420 si..

106 1448 263 1497 miles,
296 1450 374 1489 sed
404 1447 596 1495 Eubuli,
627 1447 864 1489 Aeschines
895 1451 1135 1498 Demades,
1180 1465 1373 1506 quorum
1404 1449 1443 1491 si

109 1519 208 1576 quis
234 1518 434 1574 linguam
466 1520 655 1565 tolleret,
687 1517 858 1573 reliqua
891 1518 1026 1560 nihili
1058 1531 1209 1568 erant,
1241 1519 1445 1576 potentia

108 1601 154 1632 et
182 1588 448 1632 auctoritate
491 1590 712 1635 florerent.
780 1593 935 1645 quue
975 1590 1145 1635 factum
1188 1591 1320 1639 etiarn
1361 1603 1440 1640 est,

108 1672 160 1704 ut
191 1671 385 1703 oratores
416 1673 629 1715 persaepe
661 1674 683 1701 a
714 1659 1008 1715 scriptoribus
1049 1659 1384 1718 distinguantur
1421 1678 1445 1705 a

110 1731 292 1788 reliquis
325 1730 525 1779 civ-ibus,
558 1729 703 1786 iisque
735 1740 1040 1787 opponantur,
1075 1730 1180 1787 qui,
1214 1747 1318 1775 cum
1349 1736 1447 1776 elo-

107 1801 292 1860 quentia
321 1816 413 1844 non
442 1804 656 1849 valerent,
689 1803 809 1843 haud
838 1802 931 1844 fere
962 1817 1141 1860 surgere
1172 1805 1374 1846 solebant
1396 1804 1446 1849 in

110 1872 324 1922 comitiis,
382 1874 506 1920 Falsa
547 1884 697 1916 autem
737 1883 804 1915 est
839 1871 980 1916 Petiti
1020 1874 1323 1931 aliorumque,
1365 1877 1444 1933 qui

112 1961 215 1994 eum
245 1944 388 1986 secuti
418 1955 548 1999 sunt,
579 1945 826 1995 sententia,
858 1944 996 1987 fuisse
1027 1946 1258 2004 proprium
1290 1962 1442 2003 quem,

112 2018 212 2057 dam
245 2026 478 2058 oratorum
510 2015 740 2066 ordinem,
782 2027 826 2057 et
857 2017 996 2057 denos
1028 2018 1270 2073 quotannis
1304 2033 1327 2061 a
1356 2034 1446 2076 po,-

109 2089 220 2145 pulo
254 2097 422 2129 creatos
455 2101 567 2137 esse,
598 2087 773 2144 ῥήτορας
802 2088 984 2129 eosdem
1015 2099 1058 2130 et
1093 2089 1349 2146 συνηγόρους
1380 2090 1443 2132 di-.

113 2169 222 2205 ctos,
256 2156 446 2214 quibus,
471 2169 599 2216 puto,
631 2156 678 2202 id
707 2172 874 2206 munus
905 2170 1029 2208 esset,
1061 2170 1112 2202 ut
1143 2160 1304 2217 quovis
1337 2173 1444 2206 tem·

110 2383 112 2385 ‚
163 2338 218 2381 11)
253 2336 424 2382 Xenoph.
453 2338 572 2372 Mem.
602 2339 673 2379 ΙΙΙ.
705 2341 748 2386 75
773 2351 802 2372 1.
831 2339 1029 2374 Demosth.
1060 2339 1106 2374 de
1133 2353 1262 2376 coron.
1298 2353 1335 2387 p.
1364 2347 1441 2386 285.

113 2398 286 2433 Aeschin.
312 2397 392 2432 adv.
411 2397 600 2437 Timarch.
617 2410 654 2445 p.
679 2404 735 2444 85.
764 2400 870 2433 Plato
903 2400 1060 2446 Apolog.
1088 2413 1126 2446 p.
1156 2413 1212 2446 31.
1247 2415 1279 2436 c.
1300 2402 1440 2435 Andoc.

115 2457 162 2492 de
184 2457 321 2496 reditu,
343 2470 379 2504 p.
404 2471 456 2505 19.
479 2460 538 2505 56.
569 2460 698 2505 Steph,
721 2459 771 2495 cf.
791 2459 1053 2496 Hemsterhus.
1082 2461 1128 2499 ad
1150 2463 1305 2497 Lucian.
1334 2464 1440 2496 Tom.

85 2560 88 2562 q
111 2517 146 2557 I.
164 2529 199 2563 p.
228 2531 305 2564 2¹9·
335 2519 418 2565 Bip.

163 2611 219 2654 12)
244 2610 294 2644 cf.
321 2612 471 2647 Aristot.
499 2613 608 2648 Polit.
643 2613 687 2648 V.
725 2626 757 2649 c.
790 2624 824 2659 5.
862 2614 912 2649 cf.
949 2616 1104 2662 egregia
1126 2614 1309 2651 Heerenii
1333 2625 1444 2660 expo-

117 2670 223 2713 sitio,
249 2671 366 2707 Ideen
383 2698 392 2716 ‚
425 2675 532 2708 Tom.
562 2676 633 2711 III,
658 2685 694 2720 p.
721 2674 800 2720 336.
828 2686 908 2722 sqq.
