1706 3058
237 89 287 105 n,-

236 100 318 132 oQk

233 207 379 240 autern
413 209 591 242 centum
623 207 763 255 partes
795 196 844 238 in
888 199 1042 239 decem
1084 196 1224 239 tribus
1265 195 1555 252 aequabiliter

233 270 484 317 distribuit,
519 280 569 310 ut
599 284 650 310 ex
680 267 806 310 denis
837 282 1128 324 unaquaeque
1158 268 1304 322 δήμοις
1323 279 1556 321 constaret,

233 343 388 382 eodem
422 342 511 381 fere
542 342 693 389 modo,
725 351 776 380 ut
799 340 904 380 oli-m
929 351 1119 396 quatuor
1142 338 1230 379 inis
1253 338 1450 394 antiquis
1481 338 1558 380 tri·

231 414 375 454 bubus
409 411 632 466 plu-atriae
675 411 840 460 trinae,
885 422 959 460 aut
1000 413 1116 466 apud
1157 414 1386 452 Romanos
1423 420 1559 451 vetu-

231 483 435 526 stissimis
479 482 661 524 Romuli
713 483 917 525 tribubus
960 485 1098 523 denae
1141 481 1288 522 curiae
1334 481 1560 532 subjectae

232 564 368 595 erant.
429 555 626 598 Nomina
657 566 807 595 autem
839 552 1041 594 tribubus
1075 552 1263 599 indidit,
1298 549 1478 602 oraculi,
1508 561 1560 591 ut

231 630 378 678 ajunt,
410 626 616 681 Delphici
645 625 853 672 moni-tu,
895 639 917 666 a
948 623 1176 666 veteribus
1207 621 1441 675 heroibus!
1469 623 1560 675 Cev-

230 711 384 752 cmpe,
416 700 688 744 Erechtheo,
721 694 976 741 Pandione,
1008 698 1175 750 Aegeo,
1206 693 1557 748 Hippothoonte‚

230 771 423 817 Oeneo„
443 772 693 817 Aca-mame,
726 766 968 814 Antiocho,
1002 758 1169 806 Leonte
1200 775 1244 805 et
1273 767 1414 816 Ajace.
1474 768 1560 816 Amy,

230 858 304 895 μοι
334 850 482 889 autem
514 839 589 882 alii
621 842 673 881 ab
707 836 885 894 oppidis
904 835 1106 891 vicisque
1124 832 1408 883 denominati
1437 844 1557 882 eunt,

231 910 310 966 qui
357 910 408 960 in
448 910 504 952 iis
546 921 690 960 crant,
738 920 789 950 ut
838 910 1096 955 Marathon,
1147 909 1356 961 Lampra,
1407 904 1556 952 Icaria,

230 981 478 1031 Thoria-us,
510 982 717 1029 Decelea,
752 983 928 1027 Oenoe‚
962 977 1159 1026 Eleusis,
1192 980 1446 1026 Rhamnus,
1479 976 1559 1019 alii

230 1067 255 1094 a
297 1052 533 1109 gentibus,
575 1067 685 1109 quae
725 1051 791 1097 ibi>
822 1049 1153 1102 inhabitabant,
1189 1061 1240 1091 ut
1278 1047 1554 1100 Daedalidae‚

227 1185 422 1222 separatae
448 1191 491 1214 ac
516 1180 703 1222 discretae.
727 1180 880 1213 fuerant
903 1177 1151 1222 respublicae.
1211 1178 1294 1211 Hoc
1327 1188 1439 1210 sensu
1471 1176 1558 1222 Phq-

229 1238 382 1273 tarchus
418 1238 552 1286 δήμους
586 1246 696 1274 vocat
729 1240 767 1272 in
800 1239 938 1272 Thesei
969 1239 1062 1278 vita,
1099 1249 1176 1281 cap.
1215 1249 1279 1281 24:
1315 1233 1459 1273 Ἐπιών
1494 1249 1558 1272 ουν

229 1296 408 1335 ἀνέπειθε
433 1299 527 1335 aare?
553 1298 688 1345 δήμους
712 1295 893 1334 aarum&
930 1299 1013 1343 γένη
1047 1311 1076 1331 κ.
1105 1310 1137 1331 τ.
1172 1297 1204 1331 λ.
1264 1296 1339 1331 Sed
1371 1296 1475 1330 nulla
1504 1301 1556 1330 ta-

228 1357 276 1392 lis
322 1360 394 1393 fuit
438 1366 542 1394 oerta
593 1366 705 1405 atque
755 1359 926 1403 legitima
986 1354 1110 1400 δήμων
1158 1357 1387 1401 descriptio,
1439 1355 1558 1400 qualis

227 1431 330 1453 nunc
373 1432 394 1454 a
428 1420 623 1454 Clisthene
656 1420 830 1453 instituta
863 1423 931 1452 est.
997 1418 1125 1451 Exstat
1169 1417 1323 1462 quidem
1363 1416 1423 1450 lex
1464 1412 1559 1449 Atti-

229 1491 294 1522 ca,
337 1492 448 1526 quam
485 1482 613 1516 Soloni
649 1482 763 1523 Gajus
802 1479 935 1513 tribuit
972 1477 1059 1522 (vid.
1093 1478 1179 1510 infr.
1218 1489 1296 1523 cap.
1331 1489 1363 1510 2.
1399 1481 1476 1513 not.
1508 1463 1555 1520 1)'‚

228 1541 268 1573 in
294 1552 367 1586 qua
391 1553 478 1583 curn
512 1542 593 1576 aliis
627 1541 797 1586 collegiis
823 1546 937 1585 atque
962 1538 1182 1582 corporibus
1212 1537 1328 1571 etiam
1357 1534 1467 1583 δῆμοι
1491 1548 1556 1570 no-

227 1602 443 1642 minantum
471 1602 535 1643 sed
560 1603 709 1636 Solonis
735 1590 832 1634 lianc
855 1600 983 1644 legem
1009 1609 1103 1641 esse,
1129 1598 1306 1644 equidem
1329 1610 1407 1632 non
1432 1597 1556 1639 oredo.

227 1661 341 1708 Quod
374 1669 502 1697 autem
530 1663 750 1698 Demetrius
783 1648 1006 1701 Phalereus,
1038 1671 1095 1704 ap.
1136 1659 1259 1693 Schol.
1296 1659 1341 1698 ad
1365 1657 1555 1704 Aristoph-

227 1723 339 1756 Nub.·
355 1735 388 1756 v.
414 1734 471 1769 37.
499 1721 711 1767 Δημᾰρχους
736 1734 756 1755 a
781 1722 919 1755 Solone
942 1719 1134 1753 institutos
1159 1719 1272 1761 dixit,
1300 1730 1444 1754 errasse
1469 1730 1557 1754 eum

225 1789 388 1816 testatur
411 1783 632 1817 Aristoteles
658 1783 697 1816 in
722 1783 805 1816 Ath.
831 1793 934 1825 rep„
963 1780 1026 1825 qui
1051 1791 1108 1824 ap.
1135 1779 1245 1813 eund.
1277 1779 1403 1814 Schol.
1433 1785 1473 1814 et
1497 1791 1554 1824 ap.
1591 1808 1594 1811 .

225 1843 405 1884 Photium
434 1845 475 1877 in
510 1845 729 1888 ,Ναυκραρία
764 1841 1000 1878 Clisthenem
1032 1840 1102 1874 hoc
1135 1839 1270 1873 fecisse
1301 1839 1425 1874 tradit.
1483 1838 1557 1875 Sed

226 1910 316 1937 ante
340 1904 441 1938 hunc
466 1904 648 1938 Naucrari
672 1904 792 1937 multa
817 1913 967 1936 curasse
992 1901 1178 1942 dicuntur,
1205 1911 1301 1947 quae
1321 1905 1453 1949 postea
1475 1900 1554 1934 De-

227 1963 391 1998 marchis
419 1963 597 2010 imposita
629 1969 736 2006 sunt,
770 1975 842 2010 qua
864 1963 911 1997 de
942 1973 984 1996 re
1015 1961 1086 1994 vid.
1122 1960 1288 1994 Boeckh.
1321 1959 1556 1995 staatshaus-

226 2025 321 2059 halt.
350 2025 384 2058 d.
410 2014 496 2058 Ath'.
534 2026 640 2059 Tom.
679 2026 706 2058 Ι.
747 2036 782 2070 p.
822 2023 894 2069 169.
933 2027 1011 2067 328.
1040 2023 1088 2056 II.
1117 2033 1171 2068 47.
1229 2021 1319 2055 Ideo
1345 2020 1557 2064 comparari

226 2087 326 2120 inter
345 2097 385 2121 se
410 2086 554 2128 solent,
582 2093 623 2120 ut
646 2092 685 2120 et
709 2084 952 2124 Naum-ariae,
981 2083 1112 2128 quiqus
1138 2081 1196 2115 illi
1220 2085 1442 2127 praeerant,
1467 2090 1555 2119 cum

224 2146 375 2192 Δήμοις.
409 2148 528 2181 Erant
553 2146 654 2180 enim
667 2145 896 2181 Naucrariae
922 2153 1072 2189 quoque
1098 2142 1268 2176 tribuum
1291 2147 1428 2186 partes·
1454 2143 1555 2176 Ναυ-

225 2211 362 2253 κραρία
380 2203 424 2251 ’ἦν
447 2209 535 2243 τέως
560 2206 598 2250 (i.
627 2217 659 2240 e.
686 2213 775 2242 ante
800 2205 946 2247 Clisth.)
974 2202 1084 2248 φυλῆς
1109 2200 1392 2240 δυοκαιὸἐκατον
1421 2202 1552 2246 μέρος·

229 2271 287 2302 καὶ
315 2265 468 2303 δυόδεκα
492 2264 692 2311 ναὺκραροι
724 2262 816 2311 ἦσαν
827 2291 838 2308 ,
875 2267 1041 2312 τέσσαρες
1076 2262 1170 2298 «atui
1201 2261 1352 2306 τριττῠν
1386 2259 1550 2306 ἑκάστην.

224 2327 372 2369 Pollux,
396 2328 497 2360 VIII.
529 2331 602 2365 108.
653 2328 800 2361 Nomen
825 2326 912 2359 inde
937 2329 1141 2364 traxerunt,
1169 2321 1269 2368 quod
1292 2321 1461 2366 singulae
1474 2320 1551 2354 sin-

227 2388 332 2431 gulas
357 2398 468 2420 naves
493 2387 724 2431 reipublicae
747 2387 988 2431 praebebant.
1037 2383 1111 2419 Sed
1135 2383 1250 2417 etiam
1273 2387 1359 2427 post
1391 2380 1553 2416 Clisthe-

228 2462 314 2482 nem
339 2453 629 2492 permanserunt
654 2447 892 2489 Naucmriae,
919 2452 1029 2479 aucto
1050 2452 1180 2485 tamen
1196 2454 1367 2486 numero,
1415 2443 1552 2486 Faqtae

229 2510 330 2542 enim
357 2514 442 2541 sunt
468 2506 750 2554 quinquaginta.
802 2507 907 2552 Quae
932 2505 976 2539 de
1004 2506 1050 2539 iis
1076 2517 1098 2539 a
1121 2504 1312 2539 veteribus
1337 2502 1549 2546 traduntur,

228 2570 418 2613 congessit
442 2566 653 2602 Boeckhius
678 2567 701 2599 l.
729 2568 752 2599 1.
778 2566 926 2611 passim.
977 2566 1051 2600 Sed
1075 2572 1155 2599 tota
1183 2575 1243 2598 res
1268 2565 1383 2609 longe
1404 2568 1461 2597 est
1485 2563 1553 2598 oh-

230 2629 457 2671 scurissima,
492 2628 543 2662 ita
568 2633 608 2662 ut
632 2638 681 2662 ne
707 2627 931 2674 conjecturis
957 2627 1109 2674 quidem
1134 2625 1294 2662 materia
1317 2628 1500 2670 suppetat.
