1706 3058
573 210 1030 261 CAPUT
1106 215 1210 264 Vl.

336 321 465 378 Qui
521 319 977 384 suffragium
1033 316 1440 371 habuerint.

310 487 360 526 In
391 485 596 541 populari
627 485 872 543 republica.
904 487 1048 545 qualis
1079 500 1189 540 erat,
1220 505 1330 547 quae
1350 501 1452 546 post
1479 492 1558 534 So·

218 555 375 596 lonem
419 567 463 597 et
496 557 776 601 Clisthenem
805 558 987 601 Athenis
1027 559 1230 618 vigebat,
1270 576 1322 604 eo
1363 559 1564 604 maxime.

219 624 420 668 civitatis
450 631 545 680 jura
576 628 885 679 continentur,
918 634 1040 687 quod
1070 632 1218 675 cuivis
1241 633 1330 676 civi
1352 644 1396 676 et
1418 636 1560 676 hono·

219 711 292 738 res
323 712 403 740 seu
423 698 705 756 magistratus
739 715 891 757 capere
919 713 962 742 et
991 702 1189 756 judicare
1221 715 1265 749 et
1285 704 1332 746 in
1355 704 1558 747 comitiis

218 766 488 824 suffragium
536 770 649 812 ferre
695 770 816 813 licet.
889 773 1036 829 Quare
1077 773 1401 828 Aristotelee¹)=
1446 779 1562 819 πολί·

219 854 316 890 της,
349 839 526 896 inquit,
571 840 710 893 ἅπλῶς
740 843 881 888 οὐδενὶ
907 851 989 888 τῶν
1021 845 1155 889 ἄλλων
1188 844 1358 901 ὁρίζεται
1390 851 1561 901 μᾶλλον,

217 908 250 962 ἦ
286 915 345 966 τῷ
371 914 549 967 μετέχειν
583 917 756 966 κρίσεως
787 919 856 960 καὶ
888 915 1026 972 ἀρχῆς.
1087 918 1172 960 Sed
1203 916 1331 972 ἀρχῆς
1358 919 1562 960 vocabu..

216 979 317 1020 lum
350 984 497 1036 paullo
528 983 662 1026 latius
694 988 783 1028 hoc
821 989 922 1029 loco
954 998 1101 1044 patet,
1149 1002 1283 1043 quam
1326 992 1562 1032 Romano-

218 1065 323 1092 rum
351 1055 682 1113 magistratu-83
711 1070 775 1100 est
804 1059 926 1101 enim
958 1057 1140 1117 quaevis
1172 1059 1454 1115 publicarum
1487 1076 1563 1103 re-

217 1135 323 1164 rum
363 1125 722 1178 administratio;
777 1146 920 1188 eoque
960 1145 1090 1172 sensu
1138 1129 1194 1171 iis
1235 1144 1424 1188 quoque·
1457 1130 1563 1189 ἆρχή

217 1189 410 1248 ἆῦριστος
437 1199 587 1252 paullo
618 1199 734 1242 infra
764 1204 816 1243 ab
847 1201 1083 1243 Aristotele
1113 1199 1356 1250 tribuitur,
1400 1201 1479 1259 qui
1511 1203 1563 1246 in

219 1264 421 1306 comitiis
451 1269 649 1327 suffragii
679 1277 774 1324 jure
807 1271 1057 1329 utuntur²).

305 1337 437 1391 Apud
473 1342 760 1386 Athenienses
800 1342 940 1400 igitur
978 1357 1003 1384 a
1034 1340 1248 1401 suffragio
1280 1341 1331 1384 in
1363 1343 1564 1388 comitiis

221 1403 408 1450 ferendo
448 1413 765 1457 excludebatur
812 1427 974 1464 nemo,
1023 1414 1099 1471 qui
1142 1424 1186 1456 et
1225 1412 1411 1457 civitate
1451 1424 1566 1458 esset

217 1473 421 1535 integra,
452 1494 495 1523 et
526 1494 668 1525 aetate
699 1485 908 1541 legitima.
969 1485 1103 1528 Cives
1135 1494 1287 1526 autem
1319 1488 1568 1529 censeban-

220 1558 294 1589 tur
325 1549 376 1602 ii,
409 1552 487 1609 qui
518 1563 594 1596 aut
624 1566 815 1611 utroque
845 1568 1030 1613 parente
1059 1556 1162 1598 cive
1191 1554 1302 1610 nati,
1331 1567 1409 1597 aut
1439 1571 1462 1597 a
1486 1571 1566 1613 po·

219 1621 331 1676 pulo
363 1623 549 1666 civitate
580 1626 732 1666 donati
762 1638 807 1668 et
837 1627 885 1667 in
918 1626 1040 1668 demi
1062 1626 1252 1678 alicujus
1283 1625 1381 1668 sive
1411 1626 1565 1669 curiae

187 1733 191 1735 A
219 1692 372 1734 album
411 1695 540 1737 relati
593 1709 749 1739 essent.
830 1699 962 1740 Certe
1010 1697 1199 1739 Euciide
1248 1698 1461 1737 archonte
1507 1697 1564 1738 ab

219 1763 547 1821 Aristophonte
578 1775 752 1808 oratore
781 1768 921 1809 latum
952 1780 1070 1820 erat,
1114 1779 1167 1810 ut
1196 1777 1298 1825 post
1329 1765 1459 1807 illum
1490 1781 1565 1808 ar-

220 1837 430 1877 chontem
473 1852 631 1886 nemo,
683 1834 771 1879 nisi
809 1838 886 1895 qui
928 1842 1180 1895 ἑκατέρωθεν
1229 1841 1397 1893 πολίτης
1437 1849 1566 1891 esset,

219 1904 418 1950 civitatis
458 1913 556 1962 jure
596 1911 847 1960 frueretur,
888 1909 923 1951 ii
961 1922 1139 1960 tamen,
1179 1910 1259 1968 qui
1303 1921 1405 1951 ante
1448 1909 1563 1952 illud

219 1989 400 2034 tempus
443 1979 534 2021 nati
573 1991 742 2029 essent,
787 1980 965 2023 etiamsi
995 1992 1165 2038 patrem
1203 1990 1380 2022 tantum
1412 1981 1564 2024 civem

219 2049 456 2100 haberent,
496 2063 644 2094 tamen
682 2065 765 2109 pro
792 2050 1005 2110 genuinis
1037 2050 1220 2096 civibus
1251 2051 1451 2096 habendi
1488 2065 1564 2095 eo-

268 2193 303 2236 1)
330 2194 442 2229 Polit.
468 2196 541 2230 ΙΙΙ.
569 2207 602 2231 e.
641 2207 672 2232 1.

266 2279 303 2321 2)
330 2279 390 2312 Ita
414 2279 557 2323 judices
585 2289 741 2326 quoque
769 2276 913 2314 ibidem
936 2279 982 2315 ab
1007 2278 1213 2314 Aristotele
1236 2278 1339 2314 iuter
1365 2275 1482 2324 ἅρχοῖε
1502 2288 1565 2313 re-

223 2346 448 2384 censentur,
485 2347 523 2375 et
548 2340 696 2386 saepius
727 2339 773 2374 ab
798 2340 902 2383 aliis;
940 2341 1031 2386 quin
1064 2341 1331 2376 caduceatores
1365 2346 1404 2374 et
1436 2338 1566 2386 legati,

217 2400 365 2434 scribae
390 2408 428 2435 et
452 2412 651 2436 causarum
665 2401 815 2447 patroni
837 2398 962 2446 α’ρχοῗν
980 2403 1136 2437 nomine
1159 2401 1431 2447 insigniuntur,
1458 2399 1565 2442 cujus

217 2459 274 2494 rei
301 2462 472 2506 exempla
495 2462 661 2508 plurima
685 2461 874 2509 congessit
904 2462 947 2496 V.
975 2463 1015 2498 C.
1042 2462 1314 2505 Hudtwalker‚
1340 2460 1381 2495 in
1405 2458 1565 2506 egregio

217 2521 373 2555 libello:
401 2524 461 2557 De
479 2523 680 2566 Diaetetis,
708 2535 745 2569 p.
773 2534 830 2569 32.
878 2524 940 2557 De
959 2523 1145 2565 jndicibus
1171 2522 1428 2556 conferendus
1450 2520 1567 2555 etiam

215 2581 341 2626 Ham,
376 2583 440 2628 qui
475 2595 539 2617 eos
572 2584 845 2629 quadamtenus
892 2593 974 2616 esse
1010 2579 1142 2628 α’ρχᾶς,
1182 2583 1458 2630 quadamtenus
1489 2590 1568 2616 non

214 2648 299 2678 esse
325 2642 510 2689 disputat,
544 2643 592 2680 de
615 2644 733 2692 Legg.
761 2645 825 2679 VI.
850 2655 886 2690 p.
921 2643 1001 2690 767.
1027 2655 1059 2680 a.
1085 2644 1164 2692 768.
1191 2655 1223 2680 c.
1442 2646 1476 2661 Ι

1683 275 1702 399 *eun-5
1683 142 1706 264 etQ-,³-
1695 128 1699 134 .
1671 0 1698 108 1:542:
