1706 3058
1376 105 1454 163 187

127 210 304 258 etiamsi
333 210 430 267 ipsa
459 223 540 266 per
568 221 615 248 se
655 206 922 264 simpliciter
959 218 1153 264 spectata
1199 212 1251 251 ad
1292 211 1338 253 id
1379 230 1456 271 ge-

124 299 211 328 nus
249 283 548 340 pertinerent,
593 280 713 335 quod
754 294 777 320 c
817 279 947 320 certis
989 293 1038 320 ac
1079 279 1277 324 definitis
1307 285 1458 341 legum

124 353 577 413 praescriptionibus,
627 352 674 392 in
715 349 942 392 ordinario
983 351 1176 403 judicio,
1230 355 1456 399 ordinm-10

125 428 285 475 modo,
327 422 531 482 persequi
575 434 618 465 et
648 421 882 463 vindicare
912 437 1083 478 posseS,
1129 436 1304 474 tamen,
1350 430 1460 470 ubi-

124 512 304 554 cunque
335 507 414 537 aut
443 506 702 551 temporum
733 505 811 535 aut
839 493 1083 536 hominum
1116 496 1339 552 ipsorum,
1380 501 1457 558 qui

125 568 445 625 deliquissent,
489 565 722 615 conditio,
767 576 845 607 aut
885 565 995 608 aliae
1034 569 1218 624 quaevis
1260 571 1458 616 rationes

121 641 171 683 id
202 641 424 696 postulare
456 637 750 687 videbantur,
781 651 861 693 pro
895 639 1257 682 extraordinariis
1288 644 1457 694 haberi,

120 722 169 754 et
201 709 551 752 extraordinario
583 711 745 758 modo,
789 725 869 766 per
909 714 1180 768 εἰσαγγελίαν,
1224 717 1278 755 ad
1317 718 1459 758 Sena-

124 794 222 825 tum
263 784 547 839 populumve
587 779 750 823 deferri
788 792 1010 838 poterant.
1048 808 1106 816 —-
1172 788 1265 827 Jam
1299 790 1461 831 viden..

127 858 238 897 dum
277 866 342 896 est
382 857 436 897 de
478 854 554 895 illo
597 859 769 910 γραφῶν
802 865 845 895 et
887 857 1146 912 εἰσαγγελιῶν
1185 857 1459 911 discrimine,

125 928 247 984 quod
278 926 440 968 falsum
473 941 566 967 esse
598 924 806 967 diximus.
868 928 990 968 Haec
1021 928 1141 970 enim
1182 941 1249 972 est
1279 933 1461 974 Her-aldi

126 998 361 1046 sententia,
396 997 445 1039 in
466 1004 643 1054 γραφαῖς
663 995 876 1038 omnibus
896 1012 1091 1052 poenam
1125 1003 1175 1042 ab
1207 1015 1463 1046 accusatore

125 1069 444 1112 aestimandam
477 1068 639 1117 fuisse,
670 1083 815 1125 neque
847 1071 902 1109 de
932 1069 1036 1111 ullis
1069 1071 1166 1113 aliis
1197 1073 1464 1118 criminibus

124 1141 293 1200 γραφήν
324 1139 503 1181 institui
524 1140 737 1196 potuisse,
770 1154 904 1195 quam
936 1142 990 1182 de
1021 1140 1091 1195 iis,
1123 1159 1318 1200 quorum
1341 1150 1463 1190 „una

125 1229 268 1272 poena
300 1211 474 1269 legibus
515 1221 626 1253 esset
670 1210 876 1262 definita3
913 1211 961 1253 in
1004 1218 1269 1273 εἰσαγγελίαις
1309 1231 1463 1262 contra

123 1301 296 1344 poenae
337 1282 697 1326 aestimationem
749 1282 888 1325 fuisse
936 1287 1129 1337 nullam,
1181 1290 1260 1330 sed
1310 1305 1466 1335 eorum

125 1370 304 1400 tantum
336 1353 607 1397 delictorum
645 1355 784 1398 fuisse
824 1359 1092 1413 εἰσαγγελίαν,
1142 1375 1256 1416 quae
1297 1375 1464 1406 certam

126 1429 391 1485 legibusque
433 1426 661 1468 definitam
704 1441 898 1482 poenam
938 1430 1163 1472 haberent.
1233 1434 1292 1474 At
1331 1439 1467 1487 ξενίας

128 1510 247 1542 certe
278 1509 371 1540 erat
399 1498 552 1554 γραφή,
583 1511 730 1553 poena
761 1508 911 1540 autem
942 1501 1156 1557 legitima,
1190 1503 1383 1547 servitus
1398 1509 1463 1559 ⁴⁶).

128 1575 289 1619 Porro,
332 1569 370 1612 si
416 1569 514 1625 quis
556 1568 818 1625 peregrinus
860 1570 1006 1612 civem
1047 1573 1241 1616 Atticam
1280 1591 1465 1622 uxorem

131 1641 354 1690 duxisset,
397 1655 664 1696 quacunque
705 1641 860 1682 fraude
893 1653 938 1684 et
968 1643 1163 1699 fallacia,
1203 1649 1340 1700 hujus
1372 1649 1466 1692 cri..

129 1713 264 1756 minis
294 1710 434 1771 γραφή
468 1721 561 1751 erat
592 1712 712 1766 apud
743 1715 1110 1767 Thesmothetas,
1139 1730 1285 1772 poena
1315 1733 1467 1766 autem

129 1786 302 1844 legibus
338 1782 608 1831 constituta,
640 1793 693 1823 ut
722 1785 995 1827 venderetur
1025 1786 1141 1842 ipse,
1170 1794 1364 1845 pecunia
1395 1809 1467 1836 au-

130 1869 223 1900 tem
255 1855 575 1914 publicaretur,
607 1858 734 1906 cujus
767 1855 902 1897 tertia
932 1872 1031 1914 pars
1063 1862 1311 1904 accusatori
1344 1867 1467 1908 cede-

132 1932 283 1979 ret47).
353 1930 521 1969 Eodem
562 1929 699 1969 modo
731 1939 776 1969 et
805 1931 1095 1972 accusabatur
1126 1943 1169 1973 et
1198 1934 1469 1989 puniebatur

133 2000 380 2058 peregrina,
415 2013 526 2054 quae
555 1998 648 2039 civi
678 1999 826 2042 Attico
858 2013 1086 2056 nupserat.
1148 2007 1276 2054 Item,
1309 2007 1346 2048 si
1367 2008 1467 2064 quis

135 2071 248 2114 civis
288 2070 590 2128 peregrinam,
633 2082 847 2127 tanquam
886 2070 973 2113 sibi
1014 2074 1336 2132 propinquam,
1376 2082 1466 2123 civi

134 2145 281 2189 Attico
314 2146 539 2191 elocasset‚
571 2145 859 2185 accusabatur
879 2159 957 2199 per
981 2145 1146 2201 γραφήν
1177 2151 1298 2205 apud
1330 2155 1465 2196 Thes-

136 2218 385 2267 mothetas,
431 2229 622 2270 poene-“n
664 2227 813 2257 autem
853 2215 1055 2265 subibat,
1095 2218 1190 2275 lege
1222 2221 1467 2275 definitam,

136 2286 297 2343 ἀτιμίαν
330 2298 373 2328 et
401 2288 623 2329 bonorum
641 2284 995 2342 publicationem
1007 2291 1077 2345 ⁴⁸).
1147 2296 1471 2354 Ψευδεγγραφῆς

184 2480 245 2524 46)
273 2480 421 2526 Ulpian.
449 2481 496 2515 ad
518 2482 716 2517 Domesth.
744 2483 824 2519 adv.
850 2485 1055 2523 Timocrat.
1081 2501 1116 2534 p.
1144 2491 1222 2538 4⁶?-

184 2573 244 2618 47)
269 2573 465 2608 Demostb.
493 2575 532 2607 in
558 2576 764 2618 Neaeram,
797 2589 831 2622 p.
874 2590 972 2624 1550,

186 2664 246 2707 48)
273 2665 471 2700 Demosth.
499 2667 538 2701 in
572 2669 708 2702 Neaer.
733 2681 770 2714 p.
799 2672 897 2715 1563.
