1706 3058
283 147 362 189 250

362 251 588 295 Differunt
629 260 776 291 autem
815 247 932 288 inter
972 260 1018 287 se
1056 248 1170 302 leges
1211 257 1255 286 et
1293 245 1593 301 Psephismata

276 338 364 367 non
396 330 653 378 argumento
684 320 825 360 solum
858 329 900 359 et
929 316 998 366 vi,
1039 319 1114 358 sed
1145 316 1275 359 etiam
1306 315 1504 371 legitima
1533 325 1592 357 at·

278 410 362 451 que
395 390 615 435 ordinaria
640 388 807 430 ferendi
829 388 1014 432 ratione.
1073 390 1218 443 Atque
1238 385 1594 442 Psephisrnatum

275 464 457 522 quidem
500 461 784 502 ferendorum
825 459 1044 500 rationem
1085 470 1209 499 antea
1250 462 1336 509 jam
1366 456 1492 505 satis,
1543 466 1596 498 ut

273 547 409 593 puto,
441 529 772 589 explicavimus.
833 534 937 572 Erat
968 528 1041 570 illa
1072 544 1163 571 non
1194 530 1436 572 admodum
1467 526 1595 568 diffi-

274 607 373 650 cilis
414 616 545 661 atque
586 601 822 656 impeditam
860 600 994 657 idque
1027 610 1281 656 propterea,
1321 599 1460 655 quod,
1493 612 1595 639 cum

272 687 452 736 propter
481 671 649 716 subitas
686 673 947 727 plerumque
985 669 1264 712 necessitates
1294 669 1596 726 Psephismata

272 747 452 790 ferenda
483 754 650 791 essent,
691 742 937 801 plurimum
978 756 1104 796 saepe
1142 740 1365 789 intererat,
1409 750 1459 784 ut
1503 739 1595 781 cito

275 815 446 874 aliquid
477 816 798 861 decerneretur,
829 827 987 868 neque,
1019 810 1155 866 siqui
1186 822 1342 860 essent,
1375 810 1451 867 qui
1482 824 1596 854 con-

272 889 385 932 siliis
417 885 734 942 rempublicam
766 889 917 937 juvare
947 893 1141 939 possent,
1172 882 1219 922 hi
1251 880 1594 924 difficultatibus

272 964 618 1007 deterrerentur,
658 965 735 997 aut
770 955 948 1011 longior
977 968 1100 995 mora
1131 952 1187 994 iis
1219 952 1593 1008 interponeretur.

271 1037 339 1076 De
368 1028 540 1087 legibus
583 1038 731 1068 autem
762 1028 904 1068 multo
946 1023 1204 1081 diligentius
1243 1039 1266 1064 a
1298 1026 1460 1066 Solone
1488 1036 1596 1078 pro-

272 1103 424 1145 visum
455 1109 558 1151 erat,
589 1113 647 1139 ne
670 1097 815 1140 cuivis
848 1095 1009 1152 quovis
1041 1106 1240 1150 tempore
1271 1093 1414 1136 facilis
1446 1103 1490 1134 et
1519 1108 1595 1134 ex-

270 1172 422 1232 pedita
453 1181 565 1212 esset
595 1183 812 1211 novarum
834 1169 1130 1224 rogandarum
1150 1176 1442 1220 veterumque
1473 1166 1595 1207 abro-

272 1247 515 1303 gandarum
546 1241 745 1284 facultas,
805 1237 1042 1281 verissime
1073 1235 1192 1278 enim
1223 1235 1469 1287 judicabat,
1511 1251 1596 1278 no-

270 1316 384 1357 vatis
415 1315 568 1355 crebro
608 1309 780 1365 legibus
820 1309 989 1348 nullam
1028 1317 1104 1347 aut
1145 1305 1347 1361 exiguam
1379 1321 1471 1348 esse
1500 1307 1596 1350 vim

271 1398 400 1443 atque
430 1380 766 1427 auctoritatem,
810 1392 970 1432 easque
1002 1379 1182 1418 demum
1210 1375 1415 1432 religiose
1447 1379 1597 1419 obser-

271 1456 369 1499 vari
401 1456 563 1508 solere,
586 1449 766 1507 ¹quibus
793 1446 917 1504 longi
949 1447 1159 1503 temporis
1189 1462 1276 1488 usu
1306 1460 1355 1488 ac
1386 1446 1597 1499 diuturna

271 1523 602 1572 consuetudine
635 1520 757 1563 cives
788 1518 952 1561 assueti
985 1529 1027 1560 et
1057 1518 1181 1575 quasi
1206 1517 1416 1559 innutriti
1436 1513 1595 1566 essent.

272 1604 427 1655 Itaque
459 1593 617 1638 melius
646 1607 776 1648 saepe
796 1604 845 1633 ac
864 1588 1082 1632 salubrius
1112 1591 1430 1646 veteresleges‚
1463 1590 1596 1632 etiam

271 1671 422 1715 minus
451 1669 616 1713 bonas,
653 1660 853 1708 tolerari,
894 1675 1026 1717 quam
1056 1659 1214 1710 novis,
1255 1660 1361 1702 licet
1390 1660 1596 1704 meliori-

272 1745 382 1789 bus,
414 1737 577 1794 cupide
607 1731 940 1783 commutari');
981 1731 1146 1788 quippe
1187 1730 1336 1772 minus
1377 1731 1595 1788 pernicio,

274 1828 372 1857 sum
412 1825 525 1857 esse,
568 1804 696 1849 malis
734 1803 907 1858 legibus
938 1800 1254 1857 obtemperari,
1295 1817 1428 1857 quam
1457 1805 1594 1845 bonas

270 1882 436 1941 negligi
450 1880 500 1937 ⁴).
581 1876 884 1933 Quamobrem
935 1887 1030 1917 non
1078 1871 1236 1914 mobili
1295 1872 1591 1924 multitudini,

271 2018 398 2046 terum
423 2006 469 2040 de
489 2005 560 2038 hac
580 2003 716 2037 latiore
733 2000 906 2034 vocabuli
929 1997 1102 2044 ψήφισμα
1126 1997 1401 2043 significatione
1419 1999 1467 2033 cf.
1486 1999 1589 2045 Biag.

273 2072 320 2106 de
344 2072 498 2104 Decret.
525 2065 609 2098 Ath.
636 2065 660 2097 l.
686 2063 711 2096 1.
739 2072 963 2108 quamquam
987 2060 1253 2094 Demosthenis
1278 2060 1405 2103 locus,
1449 2060 1494 2095 de
1521 2062 1594 2095 co-

273 2144 356 2166 ron.
391 2141 427 2174 p.
465 2139 542 2172 29¹·
577 2125 639 2170 qui
675 2122 720 2156 ah
755 2133 800 2156 eo
832 2121 1009 2162 affertur,
1043 2119 1138 2153 nihil
1163 2119 1236 2153 huc
1259 2121 1432 2164 pertinet.
1482 2121 1594 2155 Aliud

274 2192 378 2227 enim
403 2194 459 2222 est
484 2185 782 2230 Psephismatum
807 2193 947 2227 genus,
975 2181 1075 2228 quod
1098 2181 1149 2215 ibi
1176 2180 1411 2226 designatur,
1446 2180 1493 2215 de
1518 2192 1591 2227 quo

274 2263 413 2300 genere
439 2258 551 2293 supra
575 2245 734 2278 diximus
759 2243 824 2277 lib.
852 2243 881 2276 Ι.
908 2254 988 2287 cap.
1020 2255 1071 2277 12.

318 2323 354 2366 3)
386 2319 444 2354 Cf.
481 2315 634 2350 Aristot.
669 2312 818 2346 Politic.
854 2312 904 2345 11.
941 2324 972 2345 c.
999 2316 1032 2349 8.
1059 2317 1149 2344 extr.
1197 2308 1242 2345 'O
1265 2308 1334 2355 γάρ
1361 2308 1469 2355 νόμος
1494 2307 1593 2354 ἶσχὺν

273 2380 446 2426 οὖὸεμίαν
469 2379 540 2420 ἔχει
564 2372 653 2420 πρὸς
676 2373 720 2409 τό
744 2373 964 2414 πείθεσθαι,
1000 2370 1096 2416 πλήν
1129 2369 1232 2414 παραὶ
1257 2368 1301 2405 vo*
1337 2371 1442 2408 ἔθος·
1479 2370 1590 2406 τοῦτο

274 2443 311 2479 δὲ
338 2439 378 2478 οὗ
403 2442 560 2485 γίνεται,
587 2432 619 2469 εἷ
642 2433 693 2480 μὴ
717 2432 776 2469 daei
802 2429 934 2478 χρόνον
957 2430 1120 2475 πλῆθος·
1147 2427 1238 2466 ὥστε
1260 2429 1306 2466 ro*
1333 2428 1464 2476 ῥᾳδίως
1484 2443 1594 2474 μετα·

274 2500 426 2549 βάλλειν
449 2497 490 2533 ἐκ
513 2496 588 2531 τῶν
610 2493 734 2539 νόμων
758 2491 807 2529 εἷς
831 2493 972 2536 ἑτέρους
994 2489 1127 2537 νόμους
1150 2489 1317 2535 καινοιῖς,
1351 2489 1490 2535 ἀσθενῆ
1511 2501 1593 2524 ποι-

276 2565 329 2599 εῖν
348 2560 425 2596 ἐστι
447 2556 516 2602 τήν
539 2555 606 2593 τοῦ
631 2553 745 2600 νόμου
769 2552 935 2597 δύναμιν.

322 2631 360 2674 4)
385 2625 555 2672 Thucyd.
582 2625 652 2658 ΙΙΙ.
679 2635 734 2669 37.
762 2624 912 2666 Χείροσι
935 2621 1060 2667 νόμοις
1083 2617 1267 2666 ἆκινῆτοις
1291 2620 1457 2665 χρωμένη
1481 2612 1592 2653 πόλις

280 2693 451 2734 κρείσσων
475 2685 595 2729 ἐστὶν,
626 2683 651 2729 ἤ
673 2683 791 2721 καλῶς
814 2682 954 2725 ἔχουσιν
978 2679 1133 2727 ‹indome-
