1706 3058
218 153 273 197 53

215 259 302 302 alia
335 265 646 322 excogitarunt
673 270 1002 321 Athenienses,v
1021 284 1068 315 et
1093 274 1180 316 hoc
1210 275 1577 337 constituerunt„

216 343 267 374 ut
287 334 402 377 duae
424 337 567 381 tribus
585 356 729 384 novae
746 341 974 385 veteribus
1006 345 1162 387 decem
1184 346 1463 398 adderentur,
1495 359 1559 391 at·

216 417 303 459 que
326 419 349 446 a
372 410 594 452 Demetrii
623 412 853 472 patrisque
877 415 1095 472 Antigoni
1127 417 1390 460 nominibus
1411 420 1561 476 appel-

218 476 436 525 larentur.
478 482 566 533 Hic
590 484 794 528 tribuum
812 501 1028 529 numerus
1047 486 1095 528 in
1127 499 1352 544 posterum
1374 504 1564 547 quoque

216 551 474 603 permansit,
508 568 781 613 quamquam
802 558 989 601 mutatis
1014 558 1300 615 Antigonidis
1330 572 1378 602 et
1397 564 1559 603 Deme-

215 617 373 661 triadis
397 636 503 666 cum
515 627 793 672 Ptolemaide
813 642 857 672 et
876 630 1070 673 Attalide
1093 629 1388 686 nominibu83
1413 633 1564 675 donec·

213 691 438 734 Hadriani
455 707 596 739 aetate
619 699 793 744 decima
814 701 944 745 tertia
965 702 1112 744 tribus
1142 701 1386 745 Hadriania
1414 717 1559 746 acces-

211 759 287 801 sit.
341 766 483 807 Aucto
515 779 666 812 autem
689 772 892 815 tribuum
923 788 1134 825 numero,
1164 774 1302 816 etiam
1335 773 1560 830 prytanin·

212 847 315 874 rum
337 849 388 876 ac
407 838 710 885 comitialium
732 844 907 886 dierum
930 844 1154 887 rationem
1187 846 1350 887 mutari
1377 859 1561 887 necesse

214 915 330 946 erat:
354 921 405 947 cx
428 923 518 964 quo
540 910 737 972 intelligi
757 927 919 972 potest,
953 931 1042 972 quo
1066 920 1163 968 jure
1182 915 1353 958 Petitus
1379 914 1466 957 ista
1489 914 1561 956 in·-¹

211 974 458 1031 scriptione
478 983 702 1030 abutatur.
744 989 872 1031 Idem
899 991 953 1030 de
971 987 1277 1045 psephismate
1309 987 1426 1042 apud
1446 990 1562 1028 lose-

211 1048 357 1102 phum
388 1051 476 1092 dici
505 1066 677 1110 potest,
710 1060 831 1114 quod
863 1060 1064 1102 secundo
1094 1060 1195 1100 loco
1230 1057 1280 1099 in
1304 1055 1560 1099 subsidium

212 1131 404 1162 vocatur
420 1137 444 1164 a
463 1124 637 1168 Petito:
672 1132 826 1185 Μηνὸς
848 1133 1046 1184 Πανέμου
1072 1132 1232 1188 πέμπτῃ
1256 1127 1466 1180 ἀπιόντος,
1494 1130 1563 1186 ἐπὶ

210 1177 519 1247 ’Λγαθοκλέους
547 1199 758 1255 ἄρχοντος,
788 1201 958 1256 Εὐκλῆς
994 1199 1254 1257 Μενάνδρου
1286 1195 1562 1254 Ἀλιμούσιος

209 1264 501 1321 ἐγραμμάτευε,
516 1276 837 1329 Μουνυχιῶνος,
856 1273 1050 1333 ἑνδεκάτῃ
1062 1280 1136 1328 τῆς
1147 1274 1407 1328 πρυτανείας,
1419 1274 1564 1326 {nunna

210 1337 304 1386 σίας
320 1343 545 1396 γενομένης
563 1345 607 1386 ἐν
624 1351 688 1404 τῷ
703 1346 879 1406 θεάτρῳ.
911 1349 1014 1389 Hoc
1037 1357 1216 1401 quoque
1232 1342 1484 1398 psephisma
1507 1356 1565 1385 ex

209 1406 288 1448 XII
311 1411 618 1463 prytaniarum
640 1426 841 1473 tempore
873 1429 961 1458 est:
994 1430 1141 1472 neque
1170 1415 1394 1457 Panemus
1424 1416 1561 1467 Syro·-

207 1481 511 1524 macedonum
532 1487 838 1540 Munychioni
856 1488 1008 1531 Attico
1039 1498 1131 1528 tam
1153 1496 1360 1528 accurate
1380 1485 1581 1540 respon·'

213 1548 311 1599 det,
343 1565 478 1606 quam
499 1557 674 1599 Petitus
702 1570 844 1614 putat.
864 1585 922 1592 --
961 1558 1098 1615 Quod
1121 1568 1272 1598 autem
1295 1554 1561 1597 Aeschinem

211 1635 395 1678 quoque
417 1636 573 1669 testem
592 1627 772 1678 excitat,
804 1629 854 1671 id
873 1629 1119 1671 ridiculum
1139 1627 1350 1675 dicerem,
1369 1625 1460 1668 nisi
1479 1623 1562 1667 'ali-

209 1694 275 1734 ud
295 1695 435 1751 magis
461 1696 706 1740 ridiculum
719 1702 1067 1742 memorandum
1089 1709 1284 1740 restaret.
1317 1697 1564 1745 Aeschinen¹

213 1763 336 1806 enim
366 1770 721 1812 Demosthenem
760 1770 1050 1818 criminatur,
1091 1768 1171 1826 qui
1197 1771 1344 1826 legem
1380 1769 1558 1816 tulerat,

209 1836 431 1890 ἐκκλησίαν
451 1848 663 1884 ποιεῖσθαι
674 1843 772 1892 τούς
789 1842 1007 1899 πρυτάνεις
1026 1848 1076 1901 τῇ
1095 1839 1221 1899 ὀγδόῃ
1244 1842 1460 1894 ἱσταμένου
1480 1845 1561 1906 τοῦ

206 1905 583 1964 Ἐλαφηβολιῶνος
604 1914 749 1969 μηνὸς,
769 1913 833 1957 ὅτε
852 1910 904 1968 ἧν
926 1921 985 1972 τῷ
1015 1912 1258 1970 Ἀσκληπιῷ
1273 1910 1302 1966 ἦ
1322 1915 1465 1963 θυσία,
1487 1913 1560 1955 καὶ

211 1976 266 2022 ὅτ’
290 1976 344 2035 ἦν
366 1984 585 2039 προαγών,
620 1987 663 2028 ἐν
683 1992 734 2043 τῇ
756 1989 850 2043 ἱερᾷ
868 1984 1022 2043 ἦμὲρᾳ,
1054 1982 1078 2026 ὃ
1101 1981 1304 2038 πρότερον
1331 1981 1471 2034 οὐδεὶς
1491 1985 1561 2038 fab-j

211 2070 359 2107 μνηται
389 2055 693 2111 γενόμενονε).
752 2055 866 2113 Quis
898 2071 993 2098 non
1012 2054 1156 2109 videt,
1186 2053 1298 2096 illud
1320 2057 1558 2111 reprehen-

213 2124 282 2172 di,
319 2128 444 2182 quod
473 2131 804 2170 Demosthenes
833 2129 1057 2184 populum
1081 2127 1196 2168 festo
1220 2124 1294 2167 die
1315 2125 1558 2168 convocari

209 2196 365 2249 jussit,
398 2211 555 2241 contra
577 2203 697 2259 leges
719 2199 882 2258 patrias
907 2213 959 2240 ac
981 2212 1152 2240 morem
1177 2200 1400 2249 maJ'orum
1416 2197 1438 2238 ‘2
1469 2201 1558 2239 Ta-

208 2283 314 2309 men
346 2269 522 2313 petitus
556 2287 602 2314 se
625 2272 675 2314 id
693 2287 788 2314 non
823 2272 980 2312 videre
1013 2268 1211 2313 simulat.
1269 2271 1403 2317 „Hoc
1434 2268 1558 2318 die‚··

209 2338 384 2395 inquit,
415 2345 694 2399 „cogebatur
724 2351 804 2399 pro
832 2342 988 2383 more“
1022 2341 1161 2398 (unde
1179 2341 1358 2381 tandem
1383 2354 1558 2382 morem

209 2411 347 2452 istum
381 2411 615 2469 didicerit,
668 2414 758 2457 nisi
789 2429 841 2456 ex
883 2412 1150 2456 calendario
1182 2425 1263 2453 suo
1277 2410 1319 2468 2)
1356 2409 1555 2466 „concio

209 2495 360 2539 quarta
383 2490 464 2528 τῶν
489 2486 657 2542 κυριῶν,
694 2485 742 2527 in
764 2499 848 2543 qua
870 2487 963 2540 περὶ
994 2487 1118 2541 ἷεραῖν
1149 2486 1218 2528 καὶ
1241 2482 1368 2527 ὁσίων
1392 2483 1558 2540 ageba-

209 2566 306 2606 tur;
340 2558 762 2600 sedDemosthenes
786 2555 932 2598 voluit
951 2556 1105 2601 referri
1128 2557 1182 2599 de
1201 2553 1362 2613 legatis
1380 2555 1435 2596 ad
1453 2551 1553 2596 Phi—

256 2713 497 2756 mma—sehin.
525 2713 671 2751 advers.
698 2715 939 2763 ctesiphont.
965 2728 1004 2763 p.
1041 2723 1122 2761 455.
1150 2723 1205 2762 sq.
1231 2713 1278 2750 R.

1696 949 1706 1059 ξ
