1706 3058
1298 191 1399 220 vxvu

67 285 160 344 ipsa
186 281 514 328 consultatione
534 280 622 325 rite
640 278 791 324 omnia
827 289 871 322 et
891 278 1096 338 legitimo
1129 281 1285 325 ordine
1316 283 1398 326 fie-

68 368 186 403 rent.
217 382 275 391 ——
332 360 472 413 Atque
509 357 618 396 haec
654 354 709 394 de
742 355 983 406 Prytanum
1013 356 1399 412 Proedrorumque

70 429 332 472 muneribus
359 431 442 470 hoc
472 425 653 483 quidem
683 425 782 465 loco
813 423 1070 477 sufficiant,
1101 440 1206 468 mox
1236 429 1329 470 libr.
1362 435 1398 473 I.

68 499 248 544 uberius
269 493 527 555 exponenda
551 506 592 537 et
604 496 844 551 probanda.

153 570 406 614 Plurimum
427 581 574 610 autem
597 566 862 608 incrementi
884 566 1004 622 cepit
1026 568 1184 626 populi
1204 580 1400 628 potestas

68 653 172 700 post
194 643 356 684 bellum
379 636 608 680 Persicum
631 639 898 684 secundum;
932 649 1075 695 neque
1096 647 1189 694 ejus
1214 643 1276 684 rei
1300 659 1401 686 cau.

69 728 142 755 sae
164 711 364 753 difficiles
385 720 488 751 sunt
516 709 762 751 intellectu.
821 707 1022 750 Primum
1045 711 1189 763 enim,
1222 729 1326 756 cum
1349 730 1403 758 ex

67 783 209 841 ipsius
229 781 334 824 belli
356 796 516 838 genere
549 780 774 822 maritimo
798 791 1037 822 consecuta
1065 795 1179 824 esset
1207 785 1403 827 maxima

68 854 211 896 totius
229 851 295 895 rei
314 851 519 893 militaris
541 851 854 900 commutatio,
886 864 935 891 ac
959 850 1109 894 minus
1130 858 1216 905 jam
1249 855 1294 895 in
1329 871 1400 912 pe-

71 922 290 966 destribus
311 933 354 964 et
371 921 518 978 gravis
534 934 777 964 armaturae
797 919 1036 969 militibus,
1067 925 1188 978 quod
1211 925 1403 981 antiqui-

70 1005 142 1036 tus
178 1007 310 1034 omne
334 994 469 1033 robur
494 991 690 1033 civitatis
722 991 891 1038 fuerat,
922 1005 1053 1048 quam
1085 992 1135 1035 in
1168 995 1405 1039 classiariis

70 1062 422 1120 remigibusque,
446 1077 498 1103 ex
518 1062 675 1103 infima
697 1063 823 1118 plebe
843 1063 1081 1105 maximam
1102 1077 1273 1121 partem
1300 1082 1405 1113 con-

71 1132 248 1190 scriptis
263 1163 274 1180 ,
309 1132 584 1189 proeliorum
605 1145 792 1175 eventus
817 1143 861 1175 et
878 1134 1149 1191 reipublicae
1173 1139 1288 1179 salus
1318 1138 1406 1180 sita

70 1219 164 1248 esse
185 1204 456 1260 coepissent,
486 1204 650 1245 factum
670 1215 735 1245 est
755 1205 1022 1255 necessario,
1057 1219 1106 1248 ut
1135 1210 1186 1249 ab
1210 1210 1405 1264 opulen-

70 1275 281 1324 tioribus,
317 1290 368 1316 ex
392 1275 554 1331 quibus
575 1285 778 1316 constare
796 1276 967 1317 solebat
987 1277 1130 1332 grav-is
1161 1291 1402 1331 armatura,

71 1349 129 1389 ad
151 1345 379 1388 tenuiores
392 1361 568 1403 quoque
590 1345 815 1388 deveniret
841 1357 1032 1402 potestas
1042 1353 1092 1402 ¹¹²).
1136 1352 1248 1391 Nam
1268 1367 1402 1407 quan-

70 1428 169 1459 tum
191 1416 377 1474 quisque
403 1419 521 1459 bello
542 1429 583 1459 et
611 1416 742 1460 armis
766 1417 905 1465 valet,
939 1429 1114 1461 tantum
1136 1421 1220 1462 sibi
1245 1436 1405 1465 aucto-

70 1487 217 1533 ritatis
241 1488 362 1531 domi
382 1504 560 1546 quoque
582 1500 625 1530 et
648 1487 696 1528 in
725 1502 831 1543 pace
853 1488 1065 1544 deposcit.
1123 1495 1187 1535 Ad
1211 1496 1296 1535 hoc
1324 1498 1407 1537 de..

71 1558 257 1602 vastatis
271 1563 534 1602 aPersarum
555 1557 754 1600 exercitu
777 1558 984 1600 omnibus
1006 1561 1179 1604 Atticae
1190 1565 1404 1619 partibus,

73 1633 239 1674 fractae
262 1642 305 1672 et
325 1628 500 1671 attritae
520 1640 647 1670 erant
665 1627 961 1684 plurimorum
983 1645 1101 1686 opes,
1124 1633 1199 1689 qui
1217 1639 1406 1678 antehac

73 1700 422 1744 latifundiorum
445 1697 800 1757 possessionibus
820 1701 1171 1758 floruerant**);
1203 1706 1304 1761 alii,
1337 1719 1408 1750 te..

73 1787 187 1815 nues
220 1783 368 1820 antea,
402 1786 503 1814 cum
530 1772 678 1812 nullos
698 1783 776 1812 aut
798 1770 983 1828 exiguos
1003 1773 1169 1817 fundos
1196 1779 1408 1833 posside..

73 1853 196 1890 rent,
229 1840 389 1884 bellica
412 1840 574 1898 praeda
605 1852 729 1882 erant
762 1841 1050 1897 locupletati3
1084 1845 1294 1890 universa
1326 1866 1409 1892 au·-

75 1924 167 1954 tem
190 1914 336 1969 plebs,
372 1911 579 1968 superbia
598 1909 791 1953 recentis
813 1911 1032 1957 victoriae
1062 1916 1323 1976 viriumque
1356 1922 1407 1963 fi-

76 1982 208 2037 ducia
232 1985 355 2025 ferox
369 2014 380 2032 ‚
413 1983 645 2039 ampliores
666 1981 714 2023 in
735 1984 965 2039 republica
983 1999 1129 2042 partes
1162 1990 1404 2048 flagitabat.

124 2100 159 2143 *)
187 2101 295 2133 Hanc
323 2107 456 2135 auctae
481 2098 671 2146 popularis
694 2101 892 2146 potestatis
920 2114 1069 2140 causam
1085 2104 1240 2151 plurimi
1262 2118 1283 2143 e
1304 2114 1409 2145 vete-

168 2159 273 2194 ribus
294 2161 458 2194 tradunt.
485 2161 652 2206 Legatur
669 2161 782 2195 modo
803 2171 897 2196 unus
917 2165 1117 2210 Isocrates,
1142 2168 1344 2206 Panathen.
1365 2183 1404 2218 p.

170 2222 250 2260 608.
299 2218 432 2268 ᾔδεσαν
460 2218 519 2264 (οἱ
542 2219 733 2268 πρόγονοι)
760 2222 829 2268 τήν
858 2223 954 2260 κατά
981 2224 1178 2263 θάλατταν
1208 2225 1364 2276 δῦναμιν
1385 2251 1409 2260 -

170 2279 539 2325 αὕξανομένην-ἓκ
564 2283 639 2318 τῶν
665 2284 802 2327 ’τεχνῶν
829 2284 903 2320 τῶν
929 2290 1013 2330 περὶ
1041 2286 1105 2323 τοῖς
1125 2290 1210 2325 ναῦς
1243 2296 1304 2325 καὶ
1333 2290 1409 2327 τῶν

171 2338 335 2378 {lumem
346 2338 457 2376 adroic
474 2339 696 2387 δυναμένων,
719 2347 779 2379 nal
793 2357 866 2379 των
875 2358 921 2379 τα
933 2349 1088 2394 σφέτερα
1105 2349 1174 2394 μὲι
1187 2345 1411 2388 αιταῖνοῖπο·

173 2398 406 2442 λωλεκότων,
439 2400 477 2435 ἐκ
500 2399 538 2437 δὲ
563 2402 636 2437 τῶν
664 2399 870 2471 ἀλλοτρίων
895 2407 1025 2452 noeis&
1026 2410 1120 2443 σθαι
1147 2407 1212 2443 τόν
1236 2412 1322 2454 βίον
1351 2408 1407 2444 εἰ·

170 2462 378 2506 θισμένων·
404 2464 454 2495 ὠν
481 2458 721 2498 dunecanum
749 2461 798 2498 εἰς
824 2463 892 2508 τήν
915 2461 1027 2499 πόλιν
1058 2480 1122 2501 ocu
1150 2466 1280 2512 ἄδηλος
1313 2465 1359 2514 ἦν
1387 2465 1410 2505 ὅ

176 2515 310 2565 κόσμος
336 2517 357 2555 ὅ
385 2519 447 2565 τῆς
470 2516 654 2569 πρότερον
678 2518 908 2567 {namatium
937 2527 1126 2563 πολιτείας
1159 2523 1409 2573 λυθησόμινοσ

174 2595 209 2616 κ.
232 2593 264 2614 τ.
285 2580 318 2615 λ.
345 2579 393 2614 cf.
419 2580 607 2615 Plutarch.
628 2579 874 2619 Themistocl.
899 2595 930 2622 c.
963 2598 1019 2634 19.
1053 2588 1225 2635 Xenoph.
1245 2589 1292 2624 de
1309 2590 1405 2634 Rep-

177 2640 263 2674 Ath.
285 2641 313 2673 Ι.
333 2637 366 2683 §.
394 2653 426 2676 2.
455 2639 607 2676 Aristot.
630 2641 738 2679 Polit.
758 2646 799 2680 V.
820 2658 854 2692 4.

131 2708 186 2753 ν)
211 2721 244 2744 v.
275 2708 462 2746 Plutarch.
480 2710 633 2747 Aristid.
653 2723 684 2747 c.
709 2722 762 2758 13.

1070 2778 1109 2823 B
