1706 3058
1322 102 1407 150 209

81 209 208 237 mum
250 191 514 250 suffragium
555 193 726 248 populo
769 193 978 246 dabatur,
1021 190 1246 248 dispositis
1287 194 1404 238 binis

83 265 132 306 in
162 264 303 306 tribus
346 264 540 320 singulas
578 262 725 311 urnis,
768 265 905 305 altera
937 263 1247 314 absolutoriis,
1295 280 1406 308 con-

83 335 374 379 demnatoriis
423 335 558 375 altera
612 333 790 375 calcuHs
853 333 1121 389 recipiendis
1171 336 1404 382 destinata.

83 409 416 451 Condemnatus
447 418 547 445 reus
579 418 631 446 ea
654 417 798 460 poena
829 403 1128 456 afficiebatur,
1161 422 1273 464 quae
1304 421 1406 453 ante

83 478 278 535 irrogata
309 488 413 521 erat.
639 528 642 532 Ι

167 552 272 591 Non
303 562 475 603 semper
505 558 653 588 tamen
698 544 943 589 criminum
982 549 1033 589 ad
1073 565 1119 592 se
1161 554 1409 598 delatorum

80 620 271 676 populus
303 616 396 673 ipse
425 618 645 671 judicium
680 631 906 666 exercete,
940 619 1014 661 sed
1049 622 1259 665 Heliastis
1293 641 1410 669 exer-

81 691 274 732 cendum
305 691 516 730 mandare
555 690 745 736 solebat3
792 687 942 744 itaque
973 691 1105 734 fiebat
1136 697 1256 737 haud
1297 713 1408 747 raro,

79 773 133 804 ut
163 776 252 803 una
285 774 412 802 causa
456 759 596 802 tribus
634 760 769 809 locis,
810 760 856 801 iu
888 763 1072 811 Senatu,
1114 763 1161 805 in
1194 767 1406 817 comitiis,

82 833 130 874 in
163 831 340 874 Heliaea
371 835 665 886 agereturffl).
736 830 910 888 Quodsi
950 834 1004 873 ad
1043 834 1269 878 Heliaeam
1304 840 1409 891 reji-

84 902 239 946 cienda
288 915 354 943 res
396 916 486 943 esse
527 901 776 949 videretur,
828 902 1084 957 Psephisma
1134 906 1412 951 scribebatur

83 975 236 1016 eadem
267 984 343 1013 aut
373 970 603 1014 simillima
634 974 750 1014 haud
783 971 916 1013 dubie
948 973 1102 1023 forma,
1137 988 1268 1033 atque
1299 984 1409 1032 ejus-

83 1041 312 1085 demmodi
352 1045 769 1090 Senatuseonsulta3
823 1057 936 1099 quae
977 1045 1119 1100 qualis
1161 1048 1317 1098 fuerit,
1359 1067 1413 1093 ex

81 1108 387 1170 Antiphonteo
419 1112 494 1156 illo
516 1115 911 1156 Senatusconsulto
935 1129 1066 1170 supra
1096 1119 1408 1175 cognovimus.

81 1183 388 1227 Definiebatur
418 1183 557 1241 igitur
588 1184 666 1226 illo
689 1184 995 1241 Psephismate
1013 1187 1226 1242 primum,
1259 1206 1282 1232 a
1314 1193 1411 1249 qui-

82 1257 165 1298 bus
197 1266 242 1296 et
272 1257 497 1311 quomodo
537 1270 637 1298 reus
676 1254 725 1296 in
754 1254 979 1308 judicium
1010 1259 1263 1310 ducendus,
1307 1264 1412 1306 dein

85 1342 174 1384 quo
202 1338 402 1383 tempore
432 1326 656 1378 judicium
686 1326 962 1376 habendum,
995 1344 1018 1371 a
1051 1330 1212 1387 quibus
1246 1345 1289 1375 et
1321 1350 1410 1391 quo

83 1397 273 1441 crimine
321 1400 621 1443 accusandus,
686 1394 880 1450 denique
931 1401 1272 1453 condemnatae,
1325 1421 1412 1462 qua

82 1483 225 1526 poena
257 1467 518 1510 afficiendus
549 1477 676 1510 esset.
738 1467 912 1509 Deduci
934 1481 1081 1512 autem
1103 1471 1152 1512 in
1169 1474 1408 1525 judicium.

81 1539 173 1582 nisi
215 1538 325 1596 quid
367 1536 706 1581 extraordinarii
749 1540 941 1594 populus
981 1542 1233 1595 statuisset,
1272 1548 1410 1603 vulgo

83 1613 250 1654 solebat
280 1625 302 1651 a
335 1608 766 1662 Thesmothetis¹¹³),
798 1610 993 1651 accusari
1024 1623 1197 1666 autern,
1237 1629 1412 1673 praeter

81 1733 209 1768 neque
235 1719 436 1754 emendare
460 1729 561 1751 nunc
584 1727 701 1756 vacat.
753 1722 935 1755 Ceterum
960 1720 1006 1754 de
1030 1720 1104 1755 isto
1131 1724 1302 1759 Cannoni
1326 1738 1411 1771 pse,

79 1781 265 1826 phismate
288 1778 592 1824 ingeniosissime
618 1779 819 1824 disputavit
845 1780 1135 1827 Hudtwalcker‚
1170 1783 1218 1819 de
1241 1785 1408 1822 Diaetet.

109 1869 118 1878 .
203 1855 222 1876 .·
248 1853 263 1875 s
294 1868 302 1875 .

80 1854 105 1889 P
129 1855 210 1945 135)
238 1853 297 1937 C}
323 1901 509 1936 Matthiae
534 1901 581 1936 de
606 1901 688 1936 Iud.
716 1903 798 1938 Ath.
833 1906 873 1939 P.
910 1917 942 1940 2.
967 1915 1002 1950 p.
1031 1917 1108 1951 241,

129 1964 210 2008 115)
243 1963 376 1997 Pollux
411 1963 516 1996 VIII.
552 1969 607 2010 87.
654 1962 693 1999 οἱ
730 1967 965 2009 Θεσμοθέται
1005 1987 1051 1993 -
1093 1965 1157 2002 τοίς
1190 1964 1409 2016 εἰσαγγελίας

82 2021 371 2070 εἷσαγγέλλονσιν
393 2020 443 2058 εἷς
466 2023 532 2059 τόν
557 2021 694 2068 δῆμον·
720 2030 782 2060 καὶ
807 2025 871 2060 ‘uis
898 2030 1121 2072 χειροτονίας
1144 2031 1205 2062 καὶ
1229 2027 1295 2066 τοῖς
1318 2041 1410 2076 προ·

80 2081 200 2130 βολάς
223 2079 438 2129 εἰσάγουσιν.
467 2084 563 2127 (scil.
590 2081 638 2120 εἰς
661 2084 704 2120 τό
730 2084 992 2131 δικαστήριον.)
1053 2089 1109 2121 Ita
1132 2087 1193 2122 hic
1220 2089 1326 2122 locus
1351 2090 1410 2123 in-

81 2142 364 2189 terpungendus
390 2149 467 2186 est,
494 2156 583 2187 non,
609 2151 651 2178 ut
674 2146 808 2191 vulgo:
836 2145 901 2182 τοῖς
925 2144 1146 2192 εἰσαγγελίας
1168 2145 1411 2195 εἰσαγγέλλου·

81 2218 140 2241 σιν
164 2200 214 2239 εἷς
237 2215 270 2236 τ.
298 2200 354 2244 ἃ,
390 2208 448 2238 καὶ
474 2202 539 2238 nis
574 2210 806 2252 χειροτονίας.
861 2207 961 2251 Quid
986 2207 1088 2241 enim
1113 2208 1208 2242 illud
1232 2215 1307 2243 est:
1344 2207 1408 2245 uic

80 2265 309 2309 χειροτονίας
333 2260 596 2309 εἶσαγγέλλεινέ)
621 2269 845 2310 χειροτονίας
870 2273 995 2300 autem
1019 2267 1054 2301 h.
1081 2268 1106 2301 l.
1135 2269 1209 2303 dici
1227 2276 1318 2314 puto
1340 2281 1408 2314 po-

82 2323 164 2368 puli
194 2322 446 2367 praejudicia,
481 2324 529 2358 de
563 2324 696 2370 quibus
732 2327 950 2371 suffragium
985 2328 1169 2371 judicibus
1205 2329 1408 2365 ferendum

81 2387 202 2423 esset,
236 2380 261 2414 i.
289 2391 320 2415 e.
349 2395 445 2429 quae
469 2391 532 2418 aut
555 2384 747 2429 probanda
779 2387 948 2429 judicum
982 2389 1178 2423 sententiis
1203 2396 1265 2423 aut
1290 2389 1408 2423 corri-

82 2441 206 2489 genda
229 2449 367 2477 essent.
413 2444 561 2478 Eodem
576 2445 686 2479 modo
707 2446 805 2481 infra
829 2449 1122 2484 Thesmothetae
1144 2448 1207 2485 τοὶς
1231 2448 1292 2493 τῆς
1315 2453 1407 2496 βου-

83 2503 147 2549 λῆς
169 2499 409 2550 καταγνώσεις
432 2501 587 2551 εἰσάγειν
611 2505 796 2543 dicuntur.
849 2511 1087 2556 Quamquam
1110 2517 1239 2544 nostro
1262 2511 1349 2543 loco
1374 2508 1405 2541 si

84 2564 167 2610 quis
192 2574 260 2607 pro
285 2565 509 2609 χειροτονίας
532 2565 608 2610 legi
634 2567 739 2601 malit
763 2573 1106 2617 καταχειροτονίας,
1134 2570 1309 2617 equidem
1330 2579 1407 2602 non

84 2635 305 2671 repugnem.
354 2624 414 2657 De
432 2625 604 2673 προβολῇ
621 2626 718 2661 infra
735 2629 923 2674 agendum
947 2631 1033 2666 erit.

1099 2694 1131 2733 P
