1706 3058
257 139 312 182 60

476 273 533 284 --
559 249 612 294 αὖ
632 250 672 293 δὲ
703 247 824 303 δεῦρ’,
856 248 884 303 ἦ
906 249 1155 307 κιθαρῳδὸς,
1184 251 1301 302 ἔξιθι,

474 321 668 370 πολλάκις
699 319 959 375 ἀναστήσασά
989 320 1025 375 μ’
1059 325 1115 371 εἰς
1146 323 1360 373 ἐκκλησίαν

473 390 578 445 ἀωρὶ
606 397 765 434 νυκτοῖν
798 391 864 435 διὰ
893 391 962 435 τὸν
995 392 1166 446 ὄρθριον
1196 391 1336 445 νόμον.

252 465 414 519 gallum
437 455 729 517 gallinaceum
751 463 1093 519 intelligendum
1125 477 1217 504 esse
1250 459 1423 508 asserit;
1457 462 1578 517 quod

255 535 462 590 equidem
493 548 647 574 verum
681 548 771 576 osse
801 540 1007 591 puto¹¹}.
1068 539 1260 585 Tamen,
1299 532 1434 574 etiam
1476 534 1580 573 abs-

253 620 337 659 quo
369 603 545 645 disertis
577 614 776 645 veterum
809 603 1081 646 testimoniis
1113 621 1191 661 per
1230 619 1275 646 se
1304 604 1397 646 veri
1429 598 1579 645 sirini!-

250 675 412 718 limum
446 685 534 722 est,
572 676 808 730 praeconio
852 677 1042 731 quodam
1083 678 1301 732 populum
1331 675 1577 718 invitatum

253 761 370 794 esse,
413 746 451 786 si
482 759 575 786 non
606 746 660 785 ad
691 745 842 786 omnia
874 746 1056 787 comitia
1099 747 1223 803 (nam
1254 747 1302 786 in
1335 746 1578 790 ordinariis-

249 831 552 874 programma,
595 816 765 872 aliquot
805 827 905 858 ante
944 816 1098 858 diebus
1130 817 1438 875 propositum,
1479 817 1577 859 suf-

251 889 384 930 ficere
414 889 606 943 poterat)
639 899 786 929 tamen
821 891 875 930 ad
908 903 978 941 ea,
1017 904 1126 945 quae
1167 889 1315 929 subito
1349 902 1575 929 convoca-

249 962 435 1008 bantur,
468 973 571 1001 cum
603 973 879 1014 programma
911 971 986 1002 aut
1016 962 1188 1001 nullum
1221 970 1295 1001 aut
1325 959 1449 1000 brexfi
1483 971 1574 1001 tan·

248 1041 345 1072 tum
387 1041 488 1072 ante
526 1030 723 1086 proponi
771 1031 1014 1086 potuisset,
1064 1047 1262 1088 quaeque
1302 1042 1485 1087 propter
1527 1029 1575 1071 id

246 1103 397 1158 ipsum
429 1102 646 1159 σύγκλητοι
675 1104 963 1144 vocabantur.
1027 1105 1145 1144 Haec
1185 1102 1363 1158 Ulpiani
1397 1117 1575 1159 quoque

246 1173 469 1216 sententia
499 1173 574 1216 es't.
635 1173 870 1231 Σύγκλητος
901 1176 963 1228 δὲ,
997 1173 1160 1231 inquit,
1194 1177 1384 1229 ἐκκλησία
1405 1174 1573 1227 ἐκλήθη,

248 1245 387 1299 ἐπειδὴ
418 1247 461 1288 ἕν
490 1247 563 1299 μὲν
595 1253 681 1295 ταῖς
719 1249 911 1299 νομίμοις
939 1249 1009 1289 καὶ
1050 1247 1276 1300 συνήθεσιν
1313 1244 1382 1298 ἀφ’
1425 1247 1575 1288 ἑαυτοῦ

251 1315 274 1360 ὃ
304 1320 434 1371 δῆμος
461 1319 712 1374 συνέτρεχεν,
761 1317 855 1360 ὅταν
889 1318 930 1362 δὲ
959 1320 998 1368 ἐξ
1028 1313 1211 1373 ἀνάγκης
1239 1317 1348 1367 τινὸς
1378 1317 1574 1373 σύλλογος

246 1390 429 1444 γένηται,
471 1390 723 1432 συνεκάλουν
760 1390 863 1438 τινὲς
890 1393 1209 1444 περιίοντεςῑὶ).
1273 1389 1570 1444 Quamquam,

246 1461 368 1516 quod
399 1458 510 1501 dicit
540 1463 595 1502 ad
625 1460 841 1502 ordinaria
873 1459 1057 1502 comitia
1088 1461 1306 1514 populum
1338 1475 1412 1501 sua
1443 1473 1571 1514 spon-

249 1542 294 1572 te
328 1531 617 1581 convenisse,
661 1531 708 1572 id
740 1531 800 1572 ita
833 1532 1015 1571 demum
1045 1544 1203 1571 verum
1234 1544 1326 1571 esse
1356 1540 1493 1586 puto,
1532 1527 1574 1571 si

245 1613 437 1652 statuas,
483 1601 779 1645 comitiorum
812 1602 932 1643 diem
961 1611 1284 1658 programmate
1315 1613 1418 1642 ante
1448 1599 1572 1645 indi..

244 1684 395 1714 catum
427 1687 543 1723 esse3
577 1673 704 1715 aliter
734 1672 856 1714 enim
888 1687 989 1713 eum
1020 1673 1210 1726 populus
1231 1671 1343 1716 scire
1373 1686 1466 1713 non
1495 1686 1572 1728 po-

247 1743 358 1791 tuit,
412 1758 541 1792 eum,
592 1756 643 1786 ut
682 1760 810 1800 supra
851 1745 1201 1786 demonstratum
1243 1757 1337 1784 esse
1377 1742 1569 1791 confido,

245 1813 356 1856 certi
387 1828 437 1856 ac
468 1814 643 1856 definiti
675 1815 962 1859 comitiorum
1000 1813 1093 1855 dies
1125 1825 1270 1855 essent
1302 1813 1431 1858 nulli.
1491 1815 1568 1856 Ce-

245 1898 391 1928 terum
429 1888 483 1927 ad
523 1888 598 1927 has
637 1887 886 1944 συγκλήτους
927 1884 1131 1926 ecclesias
1172 1887 1437 1941 plerumque
1475 1899 1570 1926 non

243 1957 391 1999 solum
421 1956 584 1999 urbani
614 1956 757 2006 cives,
802 1963 843 2001 οῖ
868 1957 969 2002 κατὰ
999 1956 1071 2010 τήν
1101 1955 1242 2008 πόλιν,
1283 1967 1334 1997 ut
1361 1955 1424 1997 ait
1459 1958 1571 1997 Am-

243 2025 444 2074 monius,
478 2029 554 2068 sed
584 2027 738 2070 rustici
769 2043 944 2085 quoque
975 2027 1211 2070 convocari
1245 2029 1470 2081 solebant3
1501 2016 1571 2069 ot·-

243 2112 331 2154 que
361 2099 441 2139 hae
473 2109 597 2140 erant
626 2102 976 2154 κατακλησίαιῑ3)

294 2225 352 2267 11)
382 2225 501 2259 Possit
531 2225 667 2271 aliquis
692 2227 808 2261 verbo
837 2220 1022 2267 κοκκῦζειν
1055 2225 1215 2267 offendi,
1251 2223 1354 2270 quod
1389 2223 1436 2258 de
1459 2222 1568 2269 gallis

243 2285 462 2330 gallinaceis
493 2285 568 2320 dici
594 2295 707 2332 negat
734 2287 943 2332 Hesychius
974 2298 1000 2319 s.
1029 2299 1059 2319 v.
1080 2283 1193 2330 ᾄδειν.
1233 2283 1378 2320 ”Αιδειν
1405 2282 1467 2320 ἐπὶ
1493 2284 1569 2320 τῶν

243 2343 496 2390 εἶλεκτρυόνων
514 2345 676 2393 λέγουσιν
692 2346 866 2385 Ἀττικοί.
896 2346 1081 2388 κοκκύζειν
1101 2344 1140 2382 δὲ
1167 2343 1211 2382 ου’
1232 2358 1341 2391 φασιν
1357 2341 1415 2379 ἐπ’
1431 2342 1566 2387 αὐτῶν,

246 2405 344 2448 πλήν
359 2405 580 2451 μωκοὲμενοί
595 2422 680 2444 τινα
698 2409 801 2452 ξένον
809 2424 821 2449 ,·
846 2420 979 2446 verum
1009 2408 1048 2441 id
1074 2419 1152 2444 non
1178 2405 1274 2442 tanti
1298 2415 1378 2442 esse
1403 2404 1565 2448 videtur,

246 2476 293 2499 eo
320 2466 544 2510 praesertim
568 2468 664 2506 loco,

296 2517 351 2569 ιο)
372 2526 427 2560 Ad
443 2528 555 2562 Dem.
577 2528 624 2562 de
640 2530 722 2564 fals.
742 2532 815 2577 leg.
843 2544 877 2577 p.
904 2544 978 2567 100.
1001 2533 1042 2567 A.

294 2597 350 2640 13)
378 2595 437 2630 Cf.
459 2607 591 2641 supra,
621 2610 699 2643 cap.
726 2612 754 2632 1.
775 2600 883 2634 dicta.
906 2601 1026 2634 Recte
1046 2598 1312 2636 Valckenarius
1331 2594 1448 2644 σνγκλ.
1470 2592 1564 2633 ε’κιλ.

244 2668 266 2689 a
295 2655 520 2702 κατακλησίᾳ
547 2658 850 2705 distinguendam
873 2673 954 2697 osse
986 2661 1133 2704 docuit,
1182 2671 1270 2709 quas
1297 2669 1373 2692 non
1401 2654 1569 2691 distinxit
