1706 3058
1323 69 1406 126 519

84 187 198 231 quos
247 169 719 227 Contraecriptores⁵⁹)
767 168 904 210 latine
954 168 1133 213 dixeris.
1212 174 1278 212 Ex
1317 171 1408 217 illis

83 257 202 288 uuus
234 253 324 284 erat
354 242 610 299 γραμματεύς
639 241 740 284 κατὰ
768 243 1040 297 πρυτανείαν,
1073 254 1247 298 quaque
1266 256 1407 300 pryta-

82 315 159 358 nia
193 330 216 356 a
248 313 535 357 Senator-ibus
566 323 684 353 sorte
723 314 905 360 ductus,
945 315 1070 364 cujus
1111 327 1276 355 munus
1317 306 1413 358 Pol.

82 389 159 432 lux
201 386 338 431 fuisse
371 383 505 434 dicit,
555 394 607 423 ut
642 383 948 440 Psephismata
998 383 1194 439 aliasque
1244 384 1410 429 litteras

82 461 281 517 publicas
322 454 588 503 custodiret,
632 468 680 495 ea
721 453 963 503 nimirum,
1015 470 1126 510 quae
1168 472 1246 510 per
1283 473 1413 502 suam

81 530 332 589 prytaniam
350 526 515 582 'scripta
539 538 681 567 essent
693 531 766 580 ⁴0),
817 528 950 567 Hunc
983 524 1118 567 fuisse
1139 526 1264 569 illum
1286 543 1410 585 puto,

83 601 162 659 qui
195 598 444 642 oratoribus
476 599 626 638 aderat
655 596 702 638 in
735 595 1069 639 conscribendis
1101 599 1413 655 Psephismati-

80 673 253 729 bus⁴¹),
285 675 466 725 ejusque
498 684 666 710 nomen
699 679 798 710 ante
830 669 1064 710 Euclidem
1098 671 1412 727 Psephismati-

79 747 164 788 bus
195 739 646 800 praescribebatur⁴²).
690 742 809 782 Alter
831 752 921 782 erat
942 743 1195 798 γραμματεῦς
1224 750 1296 798 τῆς
1314 749 1415 800 βου..

82 823 169 872 λῆς,
202 832 227 860 a
257 813 544 859 Senatoribus
575 827 665 853 non
688 822 807 852 sorte
838 813 913 854 sed
946 813 1159 868 porrectis
1191 817 1415 858 mannbus

80 900 279 937 creatus,
317 885 390 928 cui
433 888 583 941 legum
625 880 831 925 custodia
871 887 1075 926 mandata
1120 886 1254 930 fuisse
1296 888 1411 930 dici-

80 960 229 1016 tur⁴³).
291 963 354 1002 An
385 956 467 999 alia
499 967 668 1009 praeter
698 958 785 998 hoc
815 949 996 999 munera
1027 959 1256 1010 habuerit,
1288 959 1412 1019 igno·

127 1116 186 1161 39)
213 1115 342 1149 Exstat
374 1112 602 1148 vocabulum
637 1112 678 1146 in
710 1112 963 1157 Inscriptione
994 1113 1094 1159 apud
1129 1114 1349 1160 Gruterum,
1375 1129 1412 1164 p.

81 1187 102 1221 5
127 1189 160 1222 9.
187 1187 250 1210 no,
280 1187 331 1209 10.

105 1189 185 1290 740)
212 1244 346 1279 Pollux
368 1244 472 1277 VIII.
501 1249 555 1289 98.
582 1245 732 1278 Mentio
767 1245 844 1287 ejus
876 1250 934 1278 est
967 1244 1081 1278 etiam
1115 1246 1153 1278 in
1187 1246 1414 1282 Timocratis

78 1308 188 1354 lege,
215 1318 271 1351 ap·
299 1304 498 1339 Demosth.
524 1304 564 1338 in
587 1305 750 1338 Timocr.
784 1315 819 1348 p·
846 1316 934 1349 7²⁰³
962 1316 1006 1339 ex
1031 1317 1104 1350 quo
1130 1306 1215 1339 loco
1241 1314 1412 1352 apparet,

80 1381 170 1404 eum
193 1367 259 1404 τοῖς
281 1365 342 1411 τῆς
365 1363 497 1410 βουλῆς
520 1360 763 1411 καταγνώσεις
789 1362 876 1408 (vid.
904 1375 982 1409 cap.
1011 1366 1084 1398 ΙΙΙ.
1101 1364 1176 1408 huj.
1204 1365 1284 1410 lib.)
1314 1369 1413 1403 The—

81 1428 279 1464 smothetis
304 1426 456 1460 tradere
482 1425 708 1471 oportuisse,
734 1424 834 1469 quod
850 1436 985 1458 munus
1012 1427 1412 1465 convenientissimum

61 1491 162 1524 rsine
189 1488 300 1522 dubio
327 1492 408 1521 erat
434 1487 488 1530 ei,
527 1487 589 1532 qui
621 1491 658 1520 et
683 1485 749 1518 has
774 1492 812 1519 et
837 1486 926 1520 alias
953 1498 1084 1520 omnes
1118 1487 1265 1523 litteras
1289 1491 1412 1535 puhli-

80 1546 142 1584 eas
168 1549 384 1583 custodiret.
434 1548 508 1582 Sed
532 1545 812 1581 Demosthenes
844 1546 890 1581 de
924 1548 1004 1581 fals.
1031 1548 1104 1593 leg.
1139 1560 1173 1593 p.
1200 1554 1278 1593 581,
1303 1551 1413 1586 tabu·

80 1612 133 1646 las
159 1611 326 1656 publicas
363 1609 542 1643 custodiri
575 1608 664 1641 dicit
698 1620 719 1642 a
744 1619 852 1643 servo
885 1609 1056 1653 publico:
1093 1609 1132 1644 ἓν
1165 1612 1242 1645 τοῖς
1275 1613 1413 1650 κοινοῖς

82 1674 159 1709 τοῖς
191 1671 380 1717 ὖμετέροις
412 1667 624 1716 γράμμασιν
648 1667 687 1703 ἓν
718 1668 768 1713 τῷ
795 1667 950 1715 μητρῴῳ
982 1666 1084 1705 ταῦτ’
1125 1667 1244 1713 ἐστὶν,
1281 1668 1334 1717 ἐφ’
1359 1670 1414 1708 οἷς

81 1732 105 1769 o‘
128 1728 299 1777 δημόσιος
322 1733 508 1767 τέτακται.
557 1730 770 1763 Verisimile
794 1730 888 1763 mihi
911 1730 1080 1773 videtur,
1118 1742 1179 1764 eas
1205 1732 1349 1765 tabulas
1373 1733 1415 1766 in

80 1794 278 1828 Metroum
301 1791 425 1825 illatas
443 1801 524 1824 esse
549 1790 675 1836 aliquo
698 1788 852 1825 demum
868 1796 954 1835 post
977 1797 1163 1835 tempore,
1191 1804 1304 1838 quam
1324 1804 1412 1827 eon-

81 1853 242 1899 scriptae
268 1858 412 1895 essent,
439 1856 544 1884 certe
567 1856 653 1895 post
677 1857 845 1884 exactam
869 1852 1095 1896 Prytaniam.
1162 1853 1272 1898 Quod
1297 1853 1327 1887 si
1352 1854 1413 1887 cui

81 1925 188 1948 secus
212 1913 410 1955 videbitur,
435 1911 529 1945 haec
553 1923 630 1945 non
651 1910 908 1955 improbabilis
933 1913 1005 1947 erit
1029 1913 1230 1956 sententia,
1256 1915 1414 1948 Metroo

80 1974 290 2020 praefuisse
331 1972 486 2019 quidem
530 1971 691 2005 scribam
730 1971 839 2006 illum
880 1974 1105 2018 Prytaniae,
1157 1974 1224 2008 sed
1258 1983 1414 2020 praeter

81 2035 182 2069 hunc
207 2034 323 2068 alium
348 2034 482 2077 etiam,
510 2044 661 2067 servum
684 2033 898 2078 publicum,
924 2034 1012 2067 huic
1037 2036 1268 2078 subjectum,
1306 2038 1412 2079 cujus

80 2102 307 2141 perpetuum
342 2101 439 2129 esset
465 2094 657 2137 officium,
691 2093 730 2127 id
761 2094 862 2140 quod
885 2105 1006 2139 paene
1029 2095 1286 2130 necessarium
1310 2095 1413 2130 vide-

80 2163 144 2192 tur
166 2157 206 2190 in
232 2155 416 2202 ejusmodi
439 2166 599 2190 munere
621 2154 835 2189 tabularum
858 2156 1107 2200 plurimarum
1131 2155 1409 2199 servandarum,

83 2228 243 2264 quarum
267 2227 317 2251 ne
340 2215 543 2250 mediocris
570 2214 724 2261 quidem
747 2216 881 2250 notitia
913 2216 1019 2250 brevi
1054 2222 1226 2262 tempore
1261 2228 1411 2263 compa-

81 2279 157 2313 rari
180 2278 313 2324 potuit.
363 2278 424 2312 De
448 2278 603 2311 Metroo
636 2275 682 2309 cf.
717 2275 781 2311 lib.
808 2278 838 2312 1.
866 2287 944 2322 cap.
972 2278 1056 2311 XII.
1082 2277 1133 2311 in.

127 2348 184 2392 41)
212 2343 292 2381 vid.
321 2347 384 2381 lib.
412 2347 441 2379 Ι.
469 2356 548 2390 cap·
574 2346 639 2379 XI.

126 2417 186 2460 42)
213 2415 294 2448 Vid.
321 2415 383 2449 lib.
410 2417 440 2449 Ι.
468 2426 546 2459 cap.
573 2415 658 2448 XII.
695 2415 751 2450 Cf.
780 2417 924 2450 Corsin.
957 2416 994 2449 P.
1021 2418 1063 2450 A.
1089 2417 1188 2450 Diss.
1216 2417 1278 2451 XI.
1307 2417 1409 2462 Biag.

82 2477 129 2511 de
140 2478 292 2511 Decret.
315 2476 399 2510 Ath.
427 2488 458 2509 ο.
484 2477 578 2510 xm
604 2480 642 2509 et
665 2476 798 2511 ΧΧΧΙ.
826 2477 966 2512 13601111.
992 2478 1042 2512 11.
1060 2489 1095 2523 p.
1117 2470 1190 2522 1⁸64.

126 2546 187 2590 43)
213 2545 346 2579 Pollux
369 2544 393 2578 1.
419 2545 445 2578 l.
473 2544 584 2578 Hunc
609 2544 820 2579 Boeckhius
848 2548 877 2580 Ι.
902 2559 937 2591 p.
964 2559 1038 2582 201.
1073 2558 1161 2581 eum
1187 2557 1269 2580 esse
1293 2553 1411 2591 putat,

84 2606 147 2651 qui
172 2605 209 2639 in
243 2605 552 2653 Inscriptionibus
586 2605 800 2651 appellatur
830 2605 1067 2654 γραμματεΐς
1089 2606 1165 2642 τῶν
1188 2606 1412 2652 βουλευτῶν.
