1706 3058
1300 83 1382 128 555

64 198 251 255 quadam
281 194 565 250 Munychias
584 192 738 236 aliisve
767 192 879 236 locis
910 193 1131 249 samiam).
1163 194 1304 234 donec
1333 192 1383 233 in

61 271 271 312 Senatum
313 279 389 309 aut
425 266 688 309 concionem
734 266 963 321 productis
1015 266 1147 307 venia
1191 265 1381 313 daretur,

60 339 267 395 impune,
302 353 414 394 quae
443 339 632 389 vellent,
665 336 923 392 eloquendi.
984 341 1060 391 lta,
1093 349 1142 378 ut
1167 335 1381 391 exemplis

57 425 127 452 res
159 410 320 452 clarior
350 409 449 457 fiat,
481 410 599 464 apud
630 401 956 460 Aeschinem¹¹)
985 408 1196 464 legimus,
1241 422 1381 464 expu—

58 492 190 537 gnata
235 495 259 522 a
298 479 506 537 Philippo
557 479 872 534 Olynthiorum
915 479 1051 532 urbe,
1103 492 1204 521 cum
1248 480 1383 521 simul

55 549 178 593 cives
234 550 416 608 quidam
461 551 619 599 Attici,
684 548 869 602 Olynthi
910 559 1018 590 tunc
1057 549 1170 590 forte
1212 553 1380 607 degen-

55 633 145 671 tes,
190 636 213 663 a
250 621 570 664 Macedonibus
610 620 728 678 capti
771 630 939 674 essent,
988 622 1147 663 horum
1189 621 1382 677 propin-

58 709 169 751 quos
201 694 422 750 supplices
461 693 507 734 in
549 692 814 736 concionem
851 691 1093 748 prodiisse,
1133 694 1383 749 populum-

57 782 144 824 que
191 779 358 812 orasse,
407 774 458 805 ut
505 763 702 812 illorum,
751 762 830 819 qui
881 761 996 818 capti
1042 775 1212 812 essent,
1261 766 1382 807 salu-

56 851 149 881 tem
189 852 318 880 curae
357 835 443 877 sibi
495 837 686 877 haberet.
769 832 868 875 Hoc
919 848 1096 890 quoque
1146 835 1260 875 baud
1308 851 1383 877 ra-

54 923 106 952 ro
146 910 311 950 factum
353 918 438 955 est,
484 917 534 949 ut
569 904 844 954 Trierarchi‚
887 905 961 962 qui
991 905 1170 948 muneri
1200 909 1383 962 explen-

56 982 113 1023 do
163 979 352 1036 impares
393 989 560 1031 essent,
614 975 761 1018 oneris
798 976 1094 1035 levationem,
1144 989 1216 1019 aut
1257 980 1382 1020 debi-

54 1062 174 1093 tores
216 1049 389 1100 aerarii,
429 1048 504 1106 qui
545 1048 812 1090 insolvendo
855 1059 1019 1096 essent,
1063 1049 1198 1090 debiti
1230 1051 1381 1092 remis-

55 1121 231 1165 sionem
262 1136 286 1162 a
316 1123 481 1178 populo
512 1123 790 1176 petere11t¹²).
848 1121 903 1159 Et
941 1119 1203 1160 Pittalacum
1237 1135 1383 1176 quen..

55 1194 158 1236 dam
188 1206 365 1234 servum
396 1189 631 1248 publicum
663 1188 903 1231 Aeschines
934 1195 1169 1244 narrat¹³)‚
1202 1205 1302 1233 cum
1326 1195 1380 1235 ab

52 1263 338 1321 Hegesandro
388 1273 432 1303 et
482 1261 717 1302 Timarcho
770 1259 1043 1317 gravissimis
1094 1264 1383 1306 contumeliis

54 1336 241 1378 affectus
273 1343 408 1385 esset,
439 1331 684 1388 supplicem
716 1333 761 1372 in
787 1347 857 1373 ara
881 1331 1036 1372 Matris
1055 1335 1253 1374 Deorum
1276 1349 1381 1375 con..

52 1405 230 1453 sedisse,
262 1416 314 1446 ut
343 1403 554 1445 videlicet
584 1404 805 1458 querelam
837 1404 893 1444 ad
931 1404 1150 1458 populum
1171 1405 1379 1456 deferret,

56 1482 236 1533 ejusque
255 1474 474 1517 beneficio
497 1473 784 1515 ulcisceretur
802 1473 1006 1514 homines
1026 1484 1238 1530 potentes,
1269 1493 1381 1532 quos

54 1547 105 1589 in
135 1544 306 1600 judicio
347 1544 552 1601 persequi
591 1559 736 1600 neque
776 1542 904 1586 facile
935 1543 1018 1585 sibi
1051 1559 1195 1601 neque
1228 1557 1381 1592 tutum

56 1616 362 1660 existumabat.
424 1615 506 1658 His
537 1613 640 1656 addi
670 1626 857 1672 possunt
888 1614 1096 1656 Menonis
1129 1627 1172 1656 et
1202 1619 1381 1674 Agorati

56 1687 274 1743 exempla,
330 1699 440 1742 quae
479 1690 566 1738 jam
615 1698 742 1728 antea
794 1685 1097 1744 attigimus¹⁴).
1168 1689 1378 1747 Uterque,

54 1773 158 1801 cum
187 1754 360 1798 indicia
390 1758 606 1813 quaedam
637 1760 693 1798 ad
721 1758 946 1814 populum
985 1758 1208 1800 delaturus
1248 1771 1375 1813 esset,

104 1935 148 1958 ιο
170 1924 231 1957 De
256 1920 366 1955 ramis
391 1922 625 1967 supplicum,
651 1919 872 1969 ἱκετηρίαις,
896 1922 968 1957 vid.
992 1921 1193 1968 Spanhem.
1220 1923 1267 1958 ad
1298 1924 1380 1958 Ari-

56 1983 178 2028 stoph.
217 1982 316 2016 Plut.
360 1994 392 2016 v.
437 1988 514 2026 383.
562 1983 683 2016 Duck.
730 1989 769 2017 et
808 1983 964 2017 Wessel.
1009 1983 1055 2016 ad
1097 1983 1209 2017 Petit.
1259 1985 1378 2030 Legg.

55 2044 130 2077 Att.
157 2055 194 2089 p.
223 2041 298 2076 106.
324 2060 369 2068 —
402 2043 462 2076 De
486 2053 550 2076 ara
567 2044 701 2077 Matris
717 2045 898 2086 Deorum,
923 2043 1096 2076 Aeschin.
1122 2042 1161 2076 in
1185 2045 1375 2080 Timarch.

56 2115 94 2148 p.
119 2109 175 2147 84.
226 2103 285 2136 De
309 2113 372 2136 ara
396 2102 705 2145 Misericordiae,
732 2103 855 2139 Schol.
888 2104 934 2137 ad
961 2104 1134 2138 Aeschin.
1164 2104 1210 2138 de
1233 2105 1259 2138 f.
1286 2105 1312 2138 1.
1338 2117 1375 2149 p.

56 2176 134 2199 200.
162 2163 211 2198 cf.
238 2149 395 2196 Pausan.
421 2163 496 2196 Att.
531 2163 649 2197 XVII.
685 2175 714 2197 1.
762 2165 823 2198 De
854 2176 919 2199 ara
950 2164 1180 2210 Munychia,
1216 2166 1301 2212 Lys.
1337 2167 1375 2200 in

57 2225 207 2270 Agorat.
232 2234 269 2268 p.
298 2234 374 2268 ¹5²·
401 2232 433 2267 5.
460 2223 657 2258 Demosth.
685 2224 732 2258 de
756 2236 885 2259 coron.
921 2237 960 2271 p.
994 2225 1070 2260 262.

102 2308 160 2351 n)
189 2307 255 2342 Or.
283 2306 330 2341 de
353 2305 446 2340 falsa
468 2305 581 2351 legat.
614 2319 651 2353 p.
679 2319 756 2344 200.

108 2391 164 2434 12)
190 2388 388 2424 Demosth.
417 2389 466 2423 de
493 2399 621 2424 coron.
647 2402 684 2436 p.
711 2391 788 2427 262.
815 2392 856 2428 in
879 2391 1084 2428 Timocrat.
1117 2403 1155 2438 p.
1182 2391 1261 2438 716.

102 2475 158 2520 ¹3)
185 2474 231 2506 In
251 2472 442 2506 Timarch.
476 2484 515 2518 p.
542 2478 598 2517 84.
977 2447 980 2451 ι

103 2554 158 2599 14)
184 2554 372 2589 Plutarch.
399 2544 534 2591 Pericl.
561 2567 641 2602 cap.
667 2567 723 2602 3¹·
760 2558 889 2605 Lysias
911 2558 952 2594 in
973 2559 1126 2606 Agorat.
1152 2571 1190 2605 Ρ.
1220 2571 1294 2605 132.
1322 2561 1370 2594 ef.

53 2625 154 2660 supr.
180 2626 261 2660 cap.
288 2627 322 2659 4.
355 2614 432 2658 huj.
459 2615 520 2652 lib.
