1706 3058
1339 123 1418 165 567

93 246 144 274 ex
176 226 326 286 iisque
355 241 494 270 novas
518 226 662 268 curias
683 225 818 267 novis
841 226 1042 268 tribubus
1067 226 1236 269 additae
1259 242 1348 271 esse
1361 233 1426 281 ⁴⁵).

93 303 182 345 Sed
213 315 238 342 e
269 298 496 341 veteribus
528 312 706 353 quoque
737 296 873 338 curiis
903 312 995 338 non
1032 313 1201 354 paucae
1241 299 1309 341 his
1340 301 1429 341 tri·-

90 375 238 416 bubus
270 371 444 412 additae
474 378 601 417 sunt,
631 371 755 410 velut
789 369 1032 424 Hagnusii‚
1070 369 1148 426 qui
1180 369 1304 426 prius
1335 373 1428 414 fue·

93 455 194 486 rant
225 443 368 485 tribus
397 439 724 489 Acamantidis,
757 451 860 496 post
889 440 1183 494 Demetriadi,
1216 453 1279 491 et,
1313 458 1426 500 quae

91 515 143 557 in
186 520 278 568 eJus
317 515 468 555 locum
510 510 750 559 successit,
792 510 973 554 Attalidi
1015 514 1237 564 subjectae
1278 527 1429 567 erant,-

92 587 337 640 eodemque
375 585 510 624 modo
552 583 708 638 Agryle
746 597 797 623 ex
838 583 1154 634 Erechtheide,
1193 588 1333 629 Atene
1372 603 1427 631 ex

90 655 360 701 Antiochide
389 655 438 696 in
472 653 724 702 Attalidem,
759 656 1009 696 Themacus
1031 670 1083 696 ex
1113 659 1422 709 Erechtheide‚

91 729 315 781 Conthyle
364 743 388 769 e
433 724 713 770 Pandionide
770 725 820 766 in
866 726 1191 770 Ptolemaidem
1235 730 1438 773 transied

93 804 270 854 rant⁴⁷).
301 824 358 832 —
417 798 505 841 Sed
532 799 640 838 haec
669 799 898 842 hactenus.

491 1080 866 1130 CAPUT
953 1085 1031 1130 II.

312 1195 403 1238 De
446 1194 724 1237 *tribuum
786 1195 1203 1240 conventabus.

178 1368 274 1409 Hae
305 1379 458 1408 omnes
489 1365 647 1422 populi
678 1378 844 1423 partes,
888 1381 1160 1423 quamquam
1191 1369 1428 1416 universae

93 1438 295 1489 civitati,
323 1449 375 1479 ut
403 1439 603 1479 membra
635 1438 828 1492 corpori,
859 1441 1082 1489 subjectae
1114 1452 1249 1488 erant,
1282 1442 1426 1485 nihilo

90 1523 240 1553 tamen
273 1509 424 1550 minus
456 1519 500 1549 et
530 1507 652 1563 ipsae
682 1508 978 1564 peculiarium
1020 1525 1262 1568 corporum
1294 1525 1427 1570 atque

90 1580 438 1625 universitatum
469 1593 656 1621 numero
690 1581 920 1622 habendae
950 1593 1066 1626 sunt.
1135 1585 1250 1625 Nam
1283 1595 1325 1626 et
1355 1601 1428 1628 an-

91 1653 255 1696 tistites
285 1667 390 1694 suos
422 1666 472 1694 ac
501 1652 748 1707 praefectos
774 1653 1007 1702 habebant,
1041 1665 1085 1695 et
1106 1655 1160 1696 de
1181 1654 1274 1696 suis
1297 1670 1427 1712 quae-

92 1740 180 1783 que
209 1724 400 1782 negotiis
433 1723 481 1764 in
513 1738 749 1765 commune
772 1725 1062 1767 consulebant
1083 1740 1133 1768 ac
1157 1729 1424 1772 statuebant,

91 1797 252 1855 quibus
283 1798 414 1838 rebus
455 1794 603 1838 omnis
643 1794 950 1837 universitatis
989 1796 1056 1838 vis
1100 1809 1231 1854 atque
1267 1814 1426 1843 natura

81 1865 362 1910 continetur.
422 1870 572 1910 Exstat
597 1878 748 1909 autem
790 1866 1015 1924 hodieque
1056 1880 1187 1911 vetus
1229 1872 1301 1915 lex
1342 1875 1426 1916 At-

91 1940 206 1990 tica,
239 1954 349 1996 quae
378 1937 465 1994 ipsi
496 1939 651 1981 Soloni
690 1954 713 1980 a
743 1941 851 1991 Gajo
886 1938 1118 1988 tribuitur,
1153 1956 1266 1998 quae
1291 1955 1426 2000 pote-

92 2021 252 2053 statem
283 2008 390 2051 facit
414 2008 504 2050 illis
525 2010 815 2067 corporibus,
844 2010 1084 2068 pactiones,
1128 2027 1236 2069 quas
1265 2015 1422 2065 velint,

93 2080 182 2123 sibi
214 2081 346 2131 ferre,
380 2082 488 2122 dum
518 2097 577 2123 ne
607 2097 681 2124 eae
710 2083 928 2140 publicis,
971 2085 1060 2125 hoc
1091 2094 1158 2125 est
1187 2085 1425 2130 universae

93 2150 291 2194 civitatis
321 2151 491 2209 legibus
522 2153 768 2198 contrariae
797 2154 889 2196 sint
902 2153 951 2210 ¹).

139 2289 200 2332 46)
233 2288 424 2332 Ejusmodi
461 2301 596 2325 novam
630 2291 775 2326 curiam
813 2292 928 2325 fuisse
959 2292 1123 2326 arbitror
1167 2292 1421 2337 Berem’cfflas,

96 2348 213 2383 trihus
244 2349 511 2394 Ptolemaidis‚
552 2359 591 2386 et
622 2352 790 2386 fortassis
817 2353 932 2386 etiam
955 2352 1267 2398 Apollonienses,
1304 2356 1422 2390 tribus

95 2409 281 2444 Attalidis.
331 2411 411 2444 Vid.
438 2413 582 2447 Meurs.
609 2412 656 2447 de
690 2425 805 2459 popp.
839 2414 915 2448 Att.
940 2412 1010 2447 his.
1038 2424 1143 2449 voce.

139 2480 199 2526 47)
226 2479 310 2513 Vid.
335 2481 479 2515 Meurs.
508 2481 532 2516 l.
559 2482 584 2516 1.
610 2481 668 2516 his
694 2494 794 2517 voce.

143 2548 177 2591 1)
205 2548 247 2582 L.
275 2549 336 2583 IV.
370 2550 417 2584 D.
444 2552 504 2585 De
529 2544 711 2597 collegiis.
769 2551 1016 2587 Notissimum
1041 2557 1116 2595 est,
1152 2561 1308 2600 quantas
1334 2554 1420 2591 lites

92 2607 202 2652 hujus
226 2608 322 2654 legis
347 2611 545 2656 explicatio
569 2612 788 2648 excitaverit
810 2613 912 2646 inter
936 2612 1177 2657 duumviros,
1205 2615 1420 2661 Philologo-

92 2679 176 2704 rum
199 2681 242 2705 ac
277 2671 633 2710 Iurisconsultortun
666 2684 754 2711 suae
785 2673 915 2711 aetatis
948 2674 1164 2721 principes,
1198 2675 1420 2711 Salmastum
