<?xml version="1.0" encoding="UTF-8"?>
<!DOCTYPE html PUBLIC "-//W3C//DTD XHTML 1.0 Transitional//EN"
    "http://www.w3.org/TR/xhtml1/DTD/xhtml1-transitional.dtd">
<html xmlns="http://www.w3.org/1999/xhtml" xml:lang="en" lang="en">
 <head>
  <title>
</title>
<meta http-equiv="Content-Type" content="text/html;charset=utf-8" />
  <meta name='ocr-system' content='tesseract 3.04.00' />
  <meta name='ocr-capabilities' content='ocr_page ocr_carea ocr_par ocr_line ocrx_word'/>
</head>
<body>
  <div class='ocr_page' id='page_1' title='image "./decomitiisatheni00sch_0071.png"; bbox 0 0 1706 3058; ppageno 0'>
   <div class='ocr_carea' id='block_1_1' title="bbox 1347 146 1425 214">
    <p class='ocr_par' dir='ltr' id='par_1_1' title="bbox 1347 146 1425 214">
     <span class='ocr_line' id='line_1_1' title="bbox 1347 146 1425 214; baseline 0.013 -26"><span class='ocrx_word' id='word_1_1' title='bbox 1347 146 1425 214; x_wconf 11' lang='lat'><strong>*51</strong></span> 
     </span>
    </p>
   </div>
   <div class='ocr_carea' id='block_1_2' title="bbox 95 251 1433 1090">
    <p class='ocr_par' dir='ltr' id='par_1_2' title="bbox 95 251 1433 803">
     <span class='ocr_line' id='line_1_2' title="bbox 97 251 1431 315; baseline -0.006 -13"><span class='ocrx_word' id='word_1_2' title='bbox 97 261 255 315; x_wconf 74' lang='grc' dir='ltr'><em>τρίτην,</em></span> <span class='ocrx_word' id='word_1_3' title='bbox 305 257 494 312; x_wconf 76' lang='grc' dir='ltr'><strong><em>δευτέραν</em></strong></span> <span class='ocrx_word' id='word_1_4' title='bbox 538 253 766 309; x_wconf 78' lang='grc' dir='ltr'><strong><em>φθίνοντος</em></strong></span> <span class='ocrx_word' id='word_1_5' title='bbox 818 255 1037 308; x_wconf 82' lang='lat' dir='ltr'><strong>cujusque</strong></span> <span class='ocrx_word' id='word_1_6' title='bbox 1080 251 1248 294; x_wconf 83' lang='lat' dir='ltr'>mensis</span> <span class='ocrx_word' id='word_1_7' title='bbox 1291 251 1431 294; x_wconf 83' lang='lat' dir='ltr'><strong>fuisse</strong></span> 
     </span>
     <span class='ocr_line' id='line_1_3' title="bbox 97 324 1430 384; baseline -0.004 -14"><span class='ocrx_word' id='word_1_8' title='bbox 97 329 390 384; x_wconf 82' lang='lat' dir='ltr'><strong>Etymologus</strong></span> <span class='ocrx_word' id='word_1_9' title='bbox 417 328 547 367; x_wconf 88' lang='lat' dir='ltr'><strong>docet</strong></span> <span class='ocrx_word' id='word_1_10' title='bbox 563 329 656 376; x_wconf 83' lang='lat'>³0);</span> <span class='ocrx_word' id='word_1_11' title='bbox 688 338 796 380; x_wconf 83' lang='lat' dir='ltr'><strong>quas</strong></span> <span class='ocrx_word' id='word_1_12' title='bbox 828 324 1043 366; x_wconf 82' lang='lat' dir='ltr'><strong>infaustas</strong></span> <span class='ocrx_word' id='word_1_13' title='bbox 1068 327 1197 366; x_wconf 87' lang='lat' dir='ltr'><strong>rebus</strong></span> <span class='ocrx_word' id='word_1_14' title='bbox 1226 325 1430 380; x_wconf 78' lang='lat' dir='ltr'>gerendis</span> 
     </span>
     <span class='ocr_line' id='line_1_4' title="bbox 98 394 1430 457; baseline -0.002 -17"><span class='ocrx_word' id='word_1_15' title='bbox 98 402 328 457; x_wconf 85' lang='lat' dir='ltr'><strong>putabant,</strong></span> <span class='ocrx_word' id='word_1_16' title='bbox 359 412 504 453; x_wconf 87' lang='lat' dir='ltr'><strong>neque</strong></span> <span class='ocrx_word' id='word_1_17' title='bbox 535 396 726 453; x_wconf 84' lang='lat' dir='ltr'>proinde</span> <span class='ocrx_word' id='word_1_18' title='bbox 748 394 975 437; x_wconf 79' lang='lat' dir='ltr'><strong>ordinaria</strong></span> <span class='ocrx_word' id='word_1_19' title='bbox 997 395 1182 438; x_wconf 84' lang='lat' dir='ltr'><strong>comitia</strong></span> <span class='ocrx_word' id='word_1_20' title='bbox 1216 395 1312 436; x_wconf 85' lang='lat' dir='ltr'><strong>istis</strong></span> <span class='ocrx_word' id='word_1_21' title='bbox 1340 395 1430 438; x_wconf 90' lang='lat' dir='ltr'><strong>die-</strong></span> 
     </span>
     <span class='ocr_line' id='line_1_5' title="bbox 98 465 1432 522; baseline -0.005 -11"><span class='ocrx_word' id='word_1_22' title='bbox 98 473 180 512; x_wconf 89' lang='lat' dir='ltr'><strong>bus</strong></span> <span class='ocrx_word' id='word_1_23' title='bbox 213 467 365 511; x_wconf 81' lang='lat' dir='ltr'><strong>haberi</strong></span> <span class='ocrx_word' id='word_1_24' title='bbox 397 467 526 509; x_wconf 82' lang='lat' dir='ltr'><strong>solita</strong></span> <span class='ocrx_word' id='word_1_25' title='bbox 547 483 639 509; x_wconf 79' lang='lat' dir='ltr'><strong>esse</strong></span> <span class='ocrx_word' id='word_1_26' title='bbox 662 466 900 508; x_wconf 84' lang='lat' dir='ltr'><strong>videntur:</strong></span> <span class='ocrx_word' id='word_1_27' title='bbox 931 481 982 507; x_wconf 85' lang='lat' dir='ltr'><strong>ac</strong></span> <span class='ocrx_word' id='word_1_28' title='bbox 999 465 1035 507; x_wconf 91' lang='lat' dir='ltr'><strong>si</strong></span> <span class='ocrx_word' id='word_1_29' title='bbox 1066 481 1152 522; x_wconf 87' lang='lat' dir='ltr'><strong>qua</strong></span> <span class='ocrx_word' id='word_1_30' title='bbox 1175 481 1432 508; x_wconf 71' lang='lat' dir='ltr'><strong>memoran-</strong></span> 
     </span>
     <span class='ocr_line' id='line_1_6' title="bbox 99 536 1432 594; baseline -0.004 -11"><span class='ocrx_word' id='word_1_31' title='bbox 99 545 281 594; x_wconf 83' lang='lat' dir='ltr'><strong>tur³¹)‚</strong></span> <span class='ocrx_word' id='word_1_32' title='bbox 315 553 362 580; x_wconf 87' lang='lat' dir='ltr'><strong>ea</strong></span> <span class='ocrx_word' id='word_1_33' title='bbox 387 549 503 579; x_wconf 83' lang='lat' dir='ltr'><strong>extra</strong></span> <span class='ocrx_word' id='word_1_34' title='bbox 526 537 758 586; x_wconf 85' lang='lat' dir='ltr'><strong>ordinem,</strong></span> <span class='ocrx_word' id='word_1_35' title='bbox 790 547 971 591; x_wconf 87' lang='lat' dir='ltr'><strong>propter</strong></span> <span class='ocrx_word' id='word_1_36' title='bbox 1001 553 1217 593; x_wconf 83' lang='lat' dir='ltr'><strong>magnum</strong></span> <span class='ocrx_word' id='word_1_37' title='bbox 1248 536 1432 594; x_wconf 74' lang='lat' dir='ltr'><strong>aliquod</strong></span> 
     </span>
     <span class='ocr_line' id='line_1_7' title="bbox 99 602 1431 666; baseline -0.002 -12"><span class='ocrx_word' id='word_1_38' title='bbox 99 611 390 666; x_wconf 71' lang='lat' dir='ltr'><strong>subitumque</strong></span> <span class='ocrx_word' id='word_1_39' title='bbox 423 602 654 665; x_wconf 73' lang='lat' dir='ltr'><strong>negotium</strong></span> <span class='ocrx_word' id='word_1_40' title='bbox 678 618 925 650; x_wconf 85' lang='lat' dir='ltr'><strong>convocata</strong></span> <span class='ocrx_word' id='word_1_41' title='bbox 945 622 1038 648; x_wconf 84' lang='lat' dir='ltr'><strong>esse</strong></span> <span class='ocrx_word' id='word_1_42' title='bbox 1069 610 1322 665; x_wconf 80' lang='lat' dir='ltr'><strong>putandum</strong></span> <span class='ocrx_word' id='word_1_43' title='bbox 1350 620 1431 654; x_wconf 80' lang='lat' dir='ltr'><strong>est.</strong></span> 
     </span>
     <span class='ocr_line' id='line_1_8' title="bbox 95 676 1433 738; baseline -0.002 -16"><span class='ocrx_word' id='word_1_44' title='bbox 95 680 304 738; x_wconf 85' lang='lat' dir='ltr'><strong>Denique</strong></span> <span class='ocrx_word' id='word_1_45' title='bbox 326 679 436 721; x_wconf 85' lang='lat' dir='ltr'><strong>aliae</strong></span> <span class='ocrx_word' id='word_1_46' title='bbox 465 681 648 722; x_wconf 81' lang='lat' dir='ltr'><strong>fuerunt</strong></span> <span class='ocrx_word' id='word_1_47' title='bbox 673 690 840 736; x_wconf 84' lang='lat' dir='ltr'><strong>septem</strong></span> <span class='ocrx_word' id='word_1_48' title='bbox 880 676 1144 735; x_wconf 70' lang='grc' dir='ltr'><em>ἀποφράδες,</em></span> <span class='ocrx_word' id='word_1_49' title='bbox 1176 694 1278 720; x_wconf 88' lang='lat' dir='ltr'><strong>cum</strong></span> <span class='ocrx_word' id='word_1_50' title='bbox 1315 679 1433 720; x_wconf 81' lang='lat' dir='ltr'><strong>infe-</strong></span> 
     </span>
     <span class='ocr_line' id='line_1_9' title="bbox 97 750 1346 803; baseline -0.002 -9"><span class='ocrx_word' id='word_1_51' title='bbox 97 751 190 795; x_wconf 81' lang='lat' dir='ltr'><strong>riae</strong></span> <span class='ocrx_word' id='word_1_52' title='bbox 210 750 398 793; x_wconf 84' lang='lat' dir='ltr'><strong>mortuis</strong></span> <span class='ocrx_word' id='word_1_53' title='bbox 425 751 703 800; x_wconf 81' lang='lat' dir='ltr'><strong>ferebantur3</strong></span> <span class='ocrx_word' id='word_1_54' title='bbox 738 766 808 792; x_wconf 85' lang='lat' dir='ltr'><strong>eas</strong></span> <span class='ocrx_word' id='word_1_55' title='bbox 832 750 1079 803; x_wconf 88' lang='lat' dir='ltr'>Hesychius</span> <span class='ocrx_word' id='word_1_56' title='bbox 1112 763 1346 792; x_wconf 81' lang='lat' dir='ltr'><strong>memorat.</strong></span> 
     </span>
    </p>

    <p class='ocr_par' dir='ltr' id='par_1_3' title="bbox 96 820 1433 1090">
     <span class='ocr_line' id='line_1_10' title="bbox 186 820 1432 879; baseline -0.001 -15"><span class='ocrx_word' id='word_1_57' title='bbox 186 824 338 877; x_wconf 87' lang='lat' dir='ltr'><strong>Itaque</strong></span> <span class='ocrx_word' id='word_1_58' title='bbox 359 820 429 862; x_wconf 89' lang='lat' dir='ltr'><strong>his</strong></span> <span class='ocrx_word' id='word_1_59' title='bbox 449 822 687 871; x_wconf 88' lang='lat' dir='ltr'><strong>omnibus,</strong></span> <span class='ocrx_word' id='word_1_60' title='bbox 722 837 834 879; x_wconf 87' lang='lat' dir='ltr'><strong>quae</strong></span> <span class='ocrx_word' id='word_1_61' title='bbox 862 822 1008 862; x_wconf 81' lang='lat' dir='ltr'><strong>adhue</strong></span> <span class='ocrx_word' id='word_1_62' title='bbox 1042 834 1063 859; x_wconf 82' lang='lat' dir='ltr'>a</span> <span class='ocrx_word' id='word_1_63' title='bbox 1101 834 1172 860; x_wconf 87' lang='lat' dir='ltr'><strong>me</strong></span> <span class='ocrx_word' id='word_1_64' title='bbox 1207 820 1432 877; x_wconf 83' lang='lat' dir='ltr'><strong>disputata</strong></span> 
     </span>
     <span class='ocr_line' id='line_1_11' title="bbox 97 889 1431 949; baseline -0.001 -14"><span class='ocrx_word' id='word_1_65' title='bbox 97 904 219 941; x_wconf 76' lang='lat' dir='ltr'><strong>sunt,</strong></span> <span class='ocrx_word' id='word_1_66' title='bbox 249 892 486 948; x_wconf 84' lang='lat' dir='ltr'><strong>diligenter</strong></span> <span class='ocrx_word' id='word_1_67' title='bbox 504 893 732 949; x_wconf 79' lang='lat' dir='ltr'><strong>reputatis,</strong></span> <span class='ocrx_word' id='word_1_68' title='bbox 766 891 995 934; x_wconf 86' lang='lat' dir='ltr'><strong>neminem</strong></span> <span class='ocrx_word' id='word_1_69' title='bbox 1013 889 1205 945; x_wconf 85' lang='lat' dir='ltr'><strong>amplius</strong></span> <span class='ocrx_word' id='word_1_70' title='bbox 1226 891 1321 931; x_wconf 88' lang='lat' dir='ltr'><strong>fore</strong></span> <span class='ocrx_word' id='word_1_71' title='bbox 1342 907 1431 934; x_wconf 88' lang='lat' dir='ltr'><strong>cre·</strong></span> 
     </span>
     <span class='ocr_line' id='line_1_12' title="bbox 99 960 1433 1019; baseline -0.001 -14"><span class='ocrx_word' id='word_1_72' title='bbox 99 965 171 1016; x_wconf 84' lang='lat' dir='ltr'><strong>do,</strong></span> <span class='ocrx_word' id='word_1_73' title='bbox 204 962 281 1019; x_wconf 90' lang='lat' dir='ltr'><strong>qui</strong></span> <span class='ocrx_word' id='word_1_74' title='bbox 309 964 363 1002; x_wconf 91' lang='lat' dir='ltr'><strong>de</strong></span> <span class='ocrx_word' id='word_1_75' title='bbox 392 962 693 1004; x_wconf 82' lang='lat' dir='ltr'><strong>comitialibus</strong></span> <span class='ocrx_word' id='word_1_76' title='bbox 717 963 889 1009; x_wconf 85' lang='lat' dir='ltr'><strong>diebus,</strong></span> <span class='ocrx_word' id='word_1_77' title='bbox 915 971 1037 1002; x_wconf 85' lang='lat' dir='ltr'><strong>certo</strong></span> <span class='ocrx_word' id='word_1_78' title='bbox 1061 962 1255 1016; x_wconf 81' lang='lat' dir='ltr'><strong>quodam</strong></span> <span class='ocrx_word' id='word_1_79' title='bbox 1275 960 1433 1003; x_wconf 84' lang='lat' dir='ltr'><strong>ordine</strong></span> 
     </span>
     <span class='ocr_line' id='line_1_13' title="bbox 96 1033 990 1090; baseline -0.001 -15"><span class='ocrx_word' id='word_1_80' title='bbox 96 1033 412 1086; x_wconf 85' lang='lat' dir='ltr'><strong>redeuntibus,</strong></span> <span class='ocrx_word' id='word_1_81' title='bbox 444 1033 735 1090; x_wconf 82' lang='lat' dir='ltr'><strong>cogitandum</strong></span> <span class='ocrx_word' id='word_1_82' title='bbox 757 1043 888 1090; x_wconf 88' lang='lat' dir='ltr'><strong>putet</strong></span> <span class='ocrx_word' id='word_1_83' title='bbox 903 1034 990 1087; x_wconf 81' lang='lat'>³²).</span> 
     </span>
    </p>
   </div>
   <div class='ocr_carea' id='block_1_3' title="bbox 98 1132 1435 1308">
    <p class='ocr_par' dir='ltr' id='par_1_4' title="bbox 98 1132 1435 1308">
     <span class='ocr_line' id='line_1_14' title="bbox 143 1132 623 1178; baseline 0.002 -12"><span class='ocrx_word' id='word_1_84' title='bbox 143 1132 204 1178; x_wconf 81' lang='lat'><strong>30)</strong></span> <span class='ocrx_word' id='word_1_85' title='bbox 224 1132 349 1176; x_wconf 81' lang='lat' dir='ltr'><strong>Etym.</strong></span> <span class='ocrx_word' id='word_1_86' title='bbox 373 1133 429 1167; x_wconf 92' lang='lat' dir='ltr'><strong>M.</strong></span> <span class='ocrx_word' id='word_1_87' title='bbox 462 1143 537 1178; x_wconf 82' lang='lat'>131.</span> <span class='ocrx_word' id='word_1_88' title='bbox 571 1145 623 1178; x_wconf 82' lang='lat'><strong>13.</strong></span> 
     </span>
     <span class='ocr_line' id='line_1_15' title="bbox 145 1198 1434 1247; baseline 0.002 -13"><span class='ocrx_word' id='word_1_89' title='bbox 145 1201 204 1247; x_wconf 76' lang='lat'><strong>51)</strong></span> <span class='ocrx_word' id='word_1_90' title='bbox 229 1202 276 1234; x_wconf 82' lang='lat' dir='ltr'><strong>Ut</strong></span> <span class='ocrx_word' id='word_1_91' title='bbox 293 1212 352 1246; x_wconf 85' lang='lat' dir='ltr'><strong>ap.</strong></span> <span class='ocrx_word' id='word_1_92' title='bbox 374 1201 597 1236; x_wconf 85' lang='lat' dir='ltr'><strong>Aeschinem</strong></span> <span class='ocrx_word' id='word_1_93' title='bbox 624 1202 705 1237; x_wconf 88' lang='lat' dir='ltr'><strong>adv.</strong></span> <span class='ocrx_word' id='word_1_94' title='bbox 740 1200 978 1247; x_wconf 85' lang='lat' dir='ltr'><strong>Ctesiphont.</strong></span> <span class='ocrx_word' id='word_1_95' title='bbox 1008 1211 1044 1245; x_wconf 86' lang='lat' dir='ltr'><strong>p.</strong></span> <span class='ocrx_word' id='word_1_96' title='bbox 1070 1211 1150 1244; x_wconf 81' lang='lat'>420.</span> <span class='ocrx_word' id='word_1_97' title='bbox 1179 1198 1434 1246; x_wconf 67' lang='grc' dir='ltr'><em>Θαργηλιῶνος</em></span> 
     </span>
     <span class='ocr_line' id='line_1_16' title="bbox 98 1258 1435 1308; baseline -0.001 -12"><span class='ocrx_word' id='word_1_98' title='bbox 98 1258 212 1308; x_wconf 77' lang='grc' dir='ltr'>μηνός</span> <span class='ocrx_word' id='word_1_99' title='bbox 226 1259 371 1307; x_wconf 76' lang='grc' dir='ltr'><em>δευτέρᾳ</em></span> <span class='ocrx_word' id='word_1_100' title='bbox 385 1265 597 1308; x_wconf 76' lang='grc' dir='ltr'><strong><em>φθίνοντος.</em></strong></span> <span class='ocrx_word' id='word_1_101' title='bbox 627 1270 664 1297; x_wconf 89' lang='lat' dir='ltr'><strong>et</strong></span> <span class='ocrx_word' id='word_1_102' title='bbox 679 1265 878 1298; x_wconf 91' lang='lat' dir='ltr'><strong>Demosth.</strong></span> <span class='ocrx_word' id='word_1_103' title='bbox 900 1263 946 1296; x_wconf 86' lang='lat' dir='ltr'><strong>de</strong></span> <span class='ocrx_word' id='word_1_104' title='bbox 959 1262 1041 1296; x_wconf 83' lang='lat' dir='ltr'><strong>fals.</strong></span> <span class='ocrx_word' id='word_1_105' title='bbox 1063 1261 1137 1305; x_wconf 84' lang='lat' dir='ltr'><strong>leg.</strong></span> <span class='ocrx_word' id='word_1_106' title='bbox 1158 1271 1193 1304; x_wconf 84' lang='lat' dir='ltr'><strong>p.</strong></span> <span class='ocrx_word' id='word_1_107' title='bbox 1214 1270 1293 1305; x_wconf 86' lang='lat'><strong>259.</strong></span> <span class='ocrx_word' id='word_1_108' title='bbox 1315 1258 1435 1305; x_wconf 71' lang='grc' dir='ltr'><strong><em>Σκαῤ-</em></strong></span> 
     </span>
    </p>
   </div>
   <div class='ocr_carea' id='block_1_4' title="bbox 98 1318 1434 1432">
    <p class='ocr_par' dir='ltr' id='par_1_5' title="bbox 98 1318 1434 1432">
     <span class='ocr_line' id='line_1_17' title="bbox 98 1318 1434 1372; baseline -0.002 -16"><span class='ocrx_word' id='word_1_109' title='bbox 98 1319 324 1368; x_wconf 72' lang='grc' dir='ltr'><em>ῥοφοριῶνος</em></span> <span class='ocrx_word' id='word_1_110' title='bbox 335 1318 485 1368; x_wconf 73' lang='grc' dir='ltr'><em>τετράδι</em></span> <span class='ocrx_word' id='word_1_111' title='bbox 497 1325 719 1368; x_wconf 69' lang='grc' dir='ltr'><strong><em>φθίνοντοςς</em></strong></span> <span class='ocrx_word' id='word_1_112' title='bbox 747 1332 859 1372; x_wconf 85' lang='lat' dir='ltr'><strong>atque</strong></span> <span class='ocrx_word' id='word_1_113' title='bbox 871 1325 979 1366; x_wconf 83' lang='lat' dir='ltr'><strong>haec,</strong></span> <span class='ocrx_word' id='word_1_114' title='bbox 1000 1334 1095 1368; x_wconf 83' lang='lat' dir='ltr'><strong>quae</strong></span> <span class='ocrx_word' id='word_1_115' title='bbox 1106 1323 1219 1356; x_wconf 88' lang='lat' dir='ltr'><strong>Dem.</strong></span> <span class='ocrx_word' id='word_1_116' title='bbox 1232 1324 1434 1364; x_wconf 85' lang='lat' dir='ltr'><strong>memorat,</strong></span> 
     </span>
     <span class='ocr_line' id='line_1_18' title="bbox 99 1381 1432 1432; baseline 0.001 -17"><span class='ocrx_word' id='word_1_117' title='bbox 99 1381 400 1415; x_wconf 77' lang='lat' dir='ltr'><strong>extraordinaria</strong></span> <span class='ocrx_word' id='word_1_118' title='bbox 414 1383 545 1427; x_wconf 86' lang='lat' dir='ltr'><strong>fuisse,</strong></span> <span class='ocrx_word' id='word_1_119' title='bbox 554 1384 616 1418; x_wconf 91' lang='lat' dir='ltr'><strong>vel</strong></span> <span class='ocrx_word' id='word_1_120' title='bbox 629 1396 673 1418; x_wconf 86' lang='lat' dir='ltr'><strong>ex</strong></span> <span class='ocrx_word' id='word_1_121' title='bbox 682 1397 726 1419; x_wconf 88' lang='lat' dir='ltr'><strong>eo</strong></span> <span class='ocrx_word' id='word_1_122' title='bbox 738 1392 857 1431; x_wconf 84' lang='lat' dir='ltr'><strong>patet,</strong></span> <span class='ocrx_word' id='word_1_123' title='bbox 869 1385 968 1432; x_wconf 79' lang='lat' dir='ltr'><strong>quod</strong></span> <span class='ocrx_word' id='word_1_124' title='bbox 980 1385 1019 1417; x_wconf 89' lang='lat' dir='ltr'><strong>in</strong></span> <span class='ocrx_word' id='word_1_125' title='bbox 1031 1383 1188 1417; x_wconf 84' lang='lat' dir='ltr'><strong>Piraeeo</strong></span> <span class='ocrx_word' id='word_1_126' title='bbox 1199 1381 1326 1415; x_wconf 83' lang='lat' dir='ltr'><strong>habita</strong></span> <span class='ocrx_word' id='word_1_127' title='bbox 1335 1387 1432 1416; x_wconf 83' lang='lat' dir='ltr'><strong>sunt.</strong></span> 
     </span>
    </p>
   </div>
   <div class='ocr_carea' id='block_1_5' title="bbox 79 1456 1438 2708">
    <p class='ocr_par' dir='ltr' id='par_1_6' title="bbox 101 1456 1438 1748">
     <span class='ocr_line' id='line_1_19' title="bbox 146 1456 1438 1506; baseline -0.003 -14"><span class='ocrx_word' id='word_1_128' title='bbox 146 1459 205 1503; x_wconf 77' lang='lat'><strong>52)</strong></span> <span class='ocrx_word' id='word_1_129' title='bbox 231 1457 338 1502; x_wconf 84' lang='lat' dir='ltr'>Apud</span> <span class='ocrx_word' id='word_1_130' title='bbox 366 1456 690 1503; x_wconf 80' lang='lat' dir='ltr'><strong>Theophrastum,</strong></span> <span class='ocrx_word' id='word_1_131' title='bbox 720 1461 830 1496; x_wconf 84' lang='lat' dir='ltr'><strong>Char.</strong></span> <span class='ocrx_word' id='word_1_132' title='bbox 856 1463 942 1496; x_wconf 88' lang='lat' dir='ltr'>VII.</span> <span class='ocrx_word' id='word_1_133' title='bbox 973 1471 1006 1506; x_wconf 77' lang='lat'><strong>3.</strong></span> <span class='ocrx_word' id='word_1_134' title='bbox 1035 1460 1075 1492; x_wconf 88' lang='lat' dir='ltr'><strong>in</strong></span> <span class='ocrx_word' id='word_1_135' title='bbox 1102 1457 1341 1503; x_wconf 80' lang='lat' dir='ltr'><strong>loquacitatis</strong></span> <span class='ocrx_word' id='word_1_136' title='bbox 1372 1456 1438 1490; x_wconf 86' lang='lat' dir='ltr'><strong>de·-</strong></span> 
     </span>
     <span class='ocr_line' id='line_1_20' title="bbox 101 1514 1433 1564; baseline -0.001 -12"><span class='ocrx_word' id='word_1_137' title='bbox 101 1518 308 1562; x_wconf 80' lang='lat' dir='ltr'><strong>scriptione</strong></span> <span class='ocrx_word' id='word_1_138' title='bbox 330 1519 444 1552; x_wconf 83' lang='lat' dir='ltr'><strong>verba</strong></span> <span class='ocrx_word' id='word_1_139' title='bbox 462 1518 545 1552; x_wconf 84' lang='lat' dir='ltr'><strong>illa:</strong></span> <span class='ocrx_word' id='word_1_140' title='bbox 576 1523 638 1554; x_wconf 73' lang='grc' dir='ltr'><strong>καὶ</strong></span> <span class='ocrx_word' id='word_1_141' title='bbox 656 1518 870 1564; x_wconf 71' lang='grc' dir='ltr'>πυθόμενος</span> <span class='ocrx_word' id='word_1_142' title='bbox 887 1518 953 1555; x_wconf 75' lang='grc' dir='ltr'><strong>τοῖς</strong></span> <span class='ocrx_word' id='word_1_143' title='bbox 969 1518 1159 1562; x_wconf 72' lang='grc' dir='ltr'><strong><em>ἐκκλησίας</em></strong></span> <span class='ocrx_word' id='word_1_144' title='bbox 1178 1514 1433 1563; x_wconf 67' lang='grc' dir='ltr'><strong>ἐπαγγέλλειν,</strong></span> 
     </span>
     <span class='ocr_line' id='line_1_21' title="bbox 102 1576 1433 1624; baseline -0.002 -12"><span class='ocrx_word' id='word_1_145' title='bbox 102 1590 127 1613; x_wconf 81' lang='lat' dir='ltr'>a</span> <span class='ocrx_word' id='word_1_146' title='bbox 144 1578 341 1621; x_wconf 87' lang='lat' dir='ltr'><strong>Fischero,</strong></span> <span class='ocrx_word' id='word_1_147' title='bbox 374 1589 488 1624; x_wconf 85' lang='lat' dir='ltr'><strong>quem</strong></span> <span class='ocrx_word' id='word_1_148' title='bbox 508 1579 629 1612; x_wconf 85' lang='lat' dir='ltr'><strong>Astius</strong></span> <span class='ocrx_word' id='word_1_149' title='bbox 659 1579 851 1624; x_wconf 71' lang='lat' dir='ltr'><strong>sequitur,</strong></span> <span class='ocrx_word' id='word_1_150' title='bbox 881 1580 932 1612; x_wconf 80' lang='lat' dir='ltr'><strong>ita</strong></span> <span class='ocrx_word' id='word_1_151' title='bbox 955 1577 1215 1622; x_wconf 85' lang='lat' dir='ltr'><strong>accipiuntur,</strong></span> <span class='ocrx_word' id='word_1_152' title='bbox 1255 1576 1362 1622; x_wconf 81' lang='lat' dir='ltr'><strong>quasi</strong></span> <span class='ocrx_word' id='word_1_153' title='bbox 1386 1576 1433 1610; x_wconf 86' lang='lat' dir='ltr'><strong>si-</strong></span> 
     </span>
     <span class='ocr_line' id='line_1_22' title="bbox 101 1637 1433 1686; baseline -0.002 -12"><span class='ocrx_word' id='word_1_154' title='bbox 101 1639 304 1686; x_wconf 79' lang='lat' dir='ltr'><strong>gnificent:</strong></span> <span class='ocrx_word' id='word_1_155' title='bbox 336 1640 378 1681; x_wconf 78' lang='lat' dir='ltr'><strong>si,</strong></span> <span class='ocrx_word' id='word_1_156' title='bbox 405 1651 498 1685; x_wconf 85' lang='lat' dir='ltr'><strong>quae</strong></span> <span class='ocrx_word' id='word_1_157' title='bbox 518 1640 555 1672; x_wconf 83' lang='lat' dir='ltr'><strong>in</strong></span> <span class='ocrx_word' id='word_1_158' title='bbox 575 1640 751 1672; x_wconf 85' lang='lat' dir='ltr'><strong>concione</strong></span> <span class='ocrx_word' id='word_1_159' title='bbox 769 1647 853 1673; x_wconf 76' lang='lat' dir='ltr'><strong>acta</strong></span> <span class='ocrx_word' id='word_1_160' title='bbox 875 1647 912 1672; x_wconf 81' lang='lat' dir='ltr'><strong>et</strong></span> <span class='ocrx_word' id='word_1_161' title='bbox 927 1645 1107 1685; x_wconf 76' lang='lat' dir='ltr'><strong>per-orata</strong></span> <span class='ocrx_word' id='word_1_162' title='bbox 1132 1648 1159 1672; x_wconf 90' lang='lat' dir='ltr'><strong>s.</strong></span> <span class='ocrx_word' id='word_1_163' title='bbox 1180 1637 1326 1671; x_wconf 82' lang='lat' dir='ltr'><strong>decreta</strong></span> <span class='ocrx_word' id='word_1_164' title='bbox 1346 1639 1433 1680; x_wconf 79' lang='lat' dir='ltr'><strong>sinc,</strong></span> 
     </span>
     <span class='ocr_line' id='line_1_23' title="bbox 103 1697 1436 1748; baseline -0.002 -13"><span class='ocrx_word' id='word_1_165' title='bbox 103 1701 343 1748; x_wconf 81' lang='lat' dir='ltr'><strong>cognoverit,</strong></span> <span class='ocrx_word' id='word_1_166' title='bbox 370 1699 458 1733; x_wconf 81' lang='lat' dir='ltr'><strong>haec</strong></span> <span class='ocrx_word' id='word_1_167' title='bbox 479 1698 566 1732; x_wconf 82' lang='lat' dir='ltr'><strong>aliis</strong></span> <span class='ocrx_word' id='word_1_168' title='bbox 586 1698 711 1746; x_wconf 75' lang='lat' dir='ltr'><strong>refert.</strong></span> <span class='ocrx_word' id='word_1_169' title='bbox 762 1699 834 1734; x_wconf 86' lang='lat' dir='ltr'><strong>Sed</strong></span> <span class='ocrx_word' id='word_1_170' title='bbox 850 1700 1037 1745; x_wconf 87' lang='lat' dir='ltr'><strong>primum,</strong></span> <span class='ocrx_word' id='word_1_171' title='bbox 1068 1697 1207 1731; x_wconf 81' lang='lat' dir='ltr'><strong>mirum</strong></span> <span class='ocrx_word' id='word_1_172' title='bbox 1228 1697 1344 1740; x_wconf 84' lang='lat' dir='ltr'><strong>foret,</strong></span> <span class='ocrx_word' id='word_1_173' title='bbox 1371 1699 1436 1732; x_wconf 81' lang='lat' dir='ltr'><strong>At-</strong></span> 
     </span>
    </p>

    <p class='ocr_par' dir='ltr' id='par_1_7' title="bbox 79 1757 1435 2708">
     <span class='ocr_line' id='line_1_24' title="bbox 79 1757 1432 1806; baseline -0.003 -10"><span class='ocrx_word' id='word_1_174' title='bbox 79 1761 221 1796; x_wconf 79' lang='lat' dir='ltr'><strong>&#39;ticum</strong></span> <span class='ocrx_word' id='word_1_175' title='bbox 240 1761 382 1803; x_wconf 89' lang='lat' dir='ltr'><strong>civem,</strong></span> <span class='ocrx_word' id='word_1_176' title='bbox 410 1761 530 1806; x_wconf 79' lang='lat' dir='ltr'><strong>qualis</strong></span> <span class='ocrx_word' id='word_1_177' title='bbox 559 1761 621 1795; x_wconf 85' lang='lat' dir='ltr'><strong>hic</strong></span> <span class='ocrx_word' id='word_1_178' title='bbox 649 1773 671 1795; x_wconf 84' lang='lat' dir='ltr'><strong>a</strong></span> <span class='ocrx_word' id='word_1_179' title='bbox 698 1760 959 1806; x_wconf 84' lang='lat' dir='ltr'><strong>Theophrasto</strong></span> <span class='ocrx_word' id='word_1_180' title='bbox 990 1757 1235 1800; x_wconf 85' lang='lat' dir='ltr'><strong>describitur,</strong></span> <span class='ocrx_word' id='word_1_181' title='bbox 1274 1757 1319 1792; x_wconf 82' lang='lat' dir='ltr'><strong>ab</strong></span> <span class='ocrx_word' id='word_1_182' title='bbox 1349 1758 1432 1792; x_wconf 79' lang='lat' dir='ltr'><strong>aliis</strong></span> 
     </span>
     <span class='ocr_line' id='line_1_25' title="bbox 101 1817 1433 1867; baseline -0.003 -10"><span class='ocrx_word' id='word_1_183' title='bbox 101 1821 332 1864; x_wconf 78' lang='lat' dir='ltr'><strong>resciscere,</strong></span> <span class='ocrx_word' id='word_1_184' title='bbox 360 1817 643 1867; x_wconf 57' lang='grc' dir='ltr'><strong>πυνθάνεσθαι,</strong></span> <span class='ocrx_word' id='word_1_185' title='bbox 670 1821 761 1867; x_wconf 83' lang='lat' dir='ltr'><strong>quid</strong></span> <span class='ocrx_word' id='word_1_186' title='bbox 790 1821 830 1854; x_wconf 90' lang='lat' dir='ltr'><strong>in</strong></span> <span class='ocrx_word' id='word_1_187' title='bbox 855 1821 1016 1856; x_wconf 77' lang='lat' dir='ltr'><strong>comitiis</strong></span> <span class='ocrx_word' id='word_1_188' title='bbox 1043 1825 1171 1853; x_wconf 80' lang='lat' dir='ltr'><strong>actum</strong></span> <span class='ocrx_word' id='word_1_189' title='bbox 1197 1817 1263 1860; x_wconf 86' lang='lat' dir='ltr'><strong>sit,</strong></span> <span class='ocrx_word' id='word_1_190' title='bbox 1296 1818 1433 1863; x_wconf 82' lang='lat' dir='ltr'><strong>quihus</strong></span> 
     </span>
     <span class='ocr_line' id='line_1_26' title="bbox 102 1868 1434 1928; baseline -0.002 -11"><span class='ocrx_word' id='word_1_191' title='bbox 102 1882 228 1928; x_wconf 86' lang='lat' dir='ltr'><strong>ipsum</strong></span> <span class='ocrx_word' id='word_1_192' title='bbox 247 1882 429 1916; x_wconf 79' lang='lat' dir='ltr'><strong>interesse</strong></span> <span class='ocrx_word' id='word_1_193' title='bbox 450 1882 626 1926; x_wconf 80' lang='lat' dir='ltr'><strong>oportuit.</strong></span> <span class='ocrx_word' id='word_1_194' title='bbox 666 1882 767 1916; x_wconf 89' lang='lat' dir='ltr'><strong>Dein</strong></span> <span class='ocrx_word' id='word_1_195' title='bbox 784 1878 1049 1919; x_wconf 75' lang='grc' dir='ltr'><strong><em>πυνθάνεσθαι</em></strong></span> <span class='ocrx_word' id='word_1_196' title='bbox 1068 1877 1134 1914; x_wconf 67' lang='grc' dir='ltr'><strong>τοῖς</strong></span> <span class='ocrx_word' id='word_1_197' title='bbox 1149 1868 1336 1923; x_wconf 47' lang='lat' dir='ltr'><strong>{nul-italas</strong></span> <span class='ocrx_word' id='word_1_198' title='bbox 1356 1891 1434 1914; x_wconf 87' lang='lat' dir='ltr'><strong>non</strong></span> 
     </span>
     <span class='ocr_line' id='line_1_27' title="bbox 104 1939 1435 1988; baseline -0.001 -11"><span class='ocrx_word' id='word_1_199' title='bbox 104 1948 184 1978; x_wconf 84' lang='lat' dir='ltr'><strong>est:</strong></span> <span class='ocrx_word' id='word_1_200' title='bbox 216 1942 445 1984; x_wconf 83' lang='lat' dir='ltr'><strong>resciscere,</strong></span> <span class='ocrx_word' id='word_1_201' title='bbox 471 1943 561 1988; x_wconf 87' lang='lat' dir='ltr'><strong>quid</strong></span> <span class='ocrx_word' id='word_1_202' title='bbox 581 1949 706 1977; x_wconf 86' lang='lat' dir='ltr'><strong>actum</strong></span> <span class='ocrx_word' id='word_1_203' title='bbox 733 1943 780 1977; x_wconf 90' lang='lat' dir='ltr'><strong>sit</strong></span> <span class='ocrx_word' id='word_1_204' title='bbox 804 1942 845 1976; x_wconf 84' lang='lat' dir='ltr'><strong>in</strong></span> <span class='ocrx_word' id='word_1_205' title='bbox 873 1954 992 1984; x_wconf 48' lang='lat' dir='ltr'><strong>com⁴3</strong></span> <span class='ocrx_word' id='word_1_206' title='bbox 1029 1940 1083 1985; x_wconf 85' lang='lat' dir='ltr'><strong>(id</strong></span> <span class='ocrx_word' id='word_1_207' title='bbox 1106 1939 1208 1973; x_wconf 80' lang='lat' dir='ltr'><strong>enim</strong></span> <span class='ocrx_word' id='word_1_208' title='bbox 1232 1939 1354 1973; x_wconf 75' lang='lat' dir='ltr'><strong>foret:</strong></span> <span class='ocrx_word' id='word_1_209' title='bbox 1385 1939 1435 1976; x_wconf 74' lang='grc' dir='ltr'><strong>τοὶ</strong></span> 
     </span>
     <span class='ocr_line' id='line_1_28' title="bbox 105 2000 1433 2047; baseline -0.003 -9"><span class='ocrx_word' id='word_1_210' title='bbox 105 2000 170 2047; x_wconf 69' lang='grc' dir='ltr'><strong>τῆς</strong></span> <span class='ocrx_word' id='word_1_211' title='bbox 189 2001 394 2047; x_wconf 70' lang='grc' dir='ltr'><strong><em>ἐκκλησίας,</em></strong></span> <span class='ocrx_word' id='word_1_212' title='bbox 426 2010 468 2038; x_wconf 87' lang='lat' dir='ltr'><strong>ut</strong></span> <span class='ocrx_word' id='word_1_213' title='bbox 486 2005 584 2039; x_wconf 88' lang='lat' dir='ltr'><strong>hene</strong></span> <span class='ocrx_word' id='word_1_214' title='bbox 604 2004 757 2039; x_wconf 86' lang='lat' dir='ltr'><strong>Nastius</strong></span> <span class='ocrx_word' id='word_1_215' title='bbox 783 2004 1024 2046; x_wconf 79' lang='lat' dir='ltr'><strong>observavit.)</strong></span> <span class='ocrx_word' id='word_1_216' title='bbox 1047 2001 1113 2036; x_wconf 86' lang='lat' dir='ltr'><strong>sed</strong></span> <span class='ocrx_word' id='word_1_217' title='bbox 1134 2001 1286 2034; x_wconf 76' lang='lat' dir='ltr'><strong>comitia</strong></span> <span class='ocrx_word' id='word_1_218' title='bbox 1301 2000 1433 2035; x_wconf 85' lang='lat' dir='ltr'><strong>rescis-</strong></span> 
     </span>
     <span class='ocr_line' id='line_1_29' title="bbox 108 2059 1434 2112; baseline -0.003 -14"><span class='ocrx_word' id='word_1_219' title='bbox 108 2073 197 2098; x_wconf 87' lang='lat' dir='ltr'><strong>cere</strong></span> <span class='ocrx_word' id='word_1_220' title='bbox 209 2077 224 2105; x_wconf 14' lang='lat' dir='ltr'><strong>,e</strong></span> <span class='ocrx_word' id='word_1_221' title='bbox 247 2062 373 2096; x_wconf 72' lang='lat' dir='ltr'><strong>futura</strong></span> <span class='ocrx_word' id='word_1_222' title='bbox 404 2075 485 2098; x_wconf 88' lang='lat' dir='ltr'><strong>esse</strong></span> <span class='ocrx_word' id='word_1_223' title='bbox 515 2065 594 2099; x_wconf 89' lang='lat' dir='ltr'><strong>scil.</strong></span> <span class='ocrx_word' id='word_1_224' title='bbox 622 2072 663 2100; x_wconf 90' lang='lat' dir='ltr'><strong>ut</strong></span> <span class='ocrx_word' id='word_1_225' title='bbox 689 2077 757 2100; x_wconf 87' lang='lat' dir='ltr'><strong>nos</strong></span> <span class='ocrx_word' id='word_1_226' title='bbox 790 2076 944 2112; x_wconf 82' lang='lat' dir='ltr'><strong>quoque</strong></span> <span class='ocrx_word' id='word_1_227' title='bbox 969 2061 1172 2099; x_wconf 83' lang='lat' dir='ltr'><strong>vernacule</strong></span> <span class='ocrx_word' id='word_1_228' title='bbox 1201 2059 1306 2105; x_wconf 83' lang='lat' dir='ltr'><strong>loqui</strong></span> <span class='ocrx_word' id='word_1_229' title='bbox 1335 2060 1434 2095; x_wconf 85' lang='lat' dir='ltr'><strong>sole-</strong></span> 
     </span>
     <span class='ocr_line' id='line_1_30' title="bbox 105 2121 1433 2169; baseline -0.002 -12"><span class='ocrx_word' id='word_1_230' title='bbox 105 2134 202 2158; x_wconf 89' lang='lat' dir='ltr'><strong>mus.</strong></span> <span class='ocrx_word' id='word_1_231' title='bbox 253 2124 387 2169; x_wconf 85' lang='lat' dir='ltr'><strong>Neque</strong></span> <span class='ocrx_word' id='word_1_232' title='bbox 406 2123 453 2158; x_wconf 89' lang='lat' dir='ltr'><strong>de</strong></span> <span class='ocrx_word' id='word_1_233' title='bbox 483 2125 791 2160; x_wconf 83' lang='lat' dir='ltr'><strong>extraordinariis</strong></span> <span class='ocrx_word' id='word_1_234' title='bbox 822 2132 969 2160; x_wconf 79' lang='lat' dir='ltr'><strong>tantum</strong></span> <span class='ocrx_word' id='word_1_235' title='bbox 999 2122 1161 2159; x_wconf 86' lang='lat' dir='ltr'><strong>comitiis</strong></span> <span class='ocrx_word' id='word_1_236' title='bbox 1188 2121 1433 2166; x_wconf 79' lang='lat' dir='ltr'><strong>cogitandum</strong></span> 
     </span>
     <span class='ocr_line' id='line_1_31' title="bbox 105 2181 1433 2234; baseline -0.004 -15"><span class='ocrx_word' id='word_1_237' title='bbox 105 2191 165 2219; x_wconf 84' lang='lat' dir='ltr'><strong>est</strong></span> <span class='ocrx_word' id='word_1_238' title='bbox 182 2195 268 2218; x_wconf 89' lang='lat' dir='ltr'><strong>cum</strong></span> <span class='ocrx_word' id='word_1_239' title='bbox 289 2184 518 2220; x_wconf 83' lang='lat' dir='ltr'><strong>Schneidero</strong></span> <span class='ocrx_word' id='word_1_240' title='bbox 543 2188 623 2234; x_wconf 81' lang='lat' dir='ltr'><strong>(qui</strong></span> <span class='ocrx_word' id='word_1_241' title='bbox 642 2187 715 2221; x_wconf 86' lang='lat' dir='ltr'><strong>sibi</strong></span> <span class='ocrx_word' id='word_1_242' title='bbox 732 2192 983 2232; x_wconf 79' lang='lat' dir='ltr'><strong>persuaserat,</strong></span> <span class='ocrx_word' id='word_1_243' title='bbox 1011 2190 1102 2230; x_wconf 90' lang='lat' dir='ltr'><strong>puto</strong></span> <span class='ocrx_word' id='word_1_244' title='bbox 1115 2208 1124 2225; x_wconf 93' lang='lat'><strong>,</strong></span> <span class='ocrx_word' id='word_1_245' title='bbox 1154 2181 1433 2215; x_wconf 75' lang='lat' dir='ltr'><strong>ordinariorum</strong></span> 
     </span>
     <span class='ocr_line' id='line_1_32' title="bbox 105 2241 1432 2291; baseline -0.005 -11"><span class='ocrx_word' id='word_1_246' title='bbox 105 2248 255 2291; x_wconf 70' lang='lat' dir='ltr'><strong>“tempus</strong></span> <span class='ocrx_word' id='word_1_247' title='bbox 275 2255 343 2288; x_wconf 88' lang='lat' dir='ltr'><strong>per</strong></span> <span class='ocrx_word' id='word_1_248' title='bbox 361 2256 400 2279; x_wconf 89' lang='lat' dir='ltr'><strong>se</strong></span> <span class='ocrx_word' id='word_1_249' title='bbox 418 2248 589 2282; x_wconf 70' lang='lat' dir='ltr'><strong>omnihus</strong></span> <span class='ocrx_word' id='word_1_250' title='bbox 613 2248 877 2288; x_wconf 61' lang='lat' dir='ltr'><strong>notumffuisse</strong></span> <span class='ocrx_word' id='word_1_251' title='bbox 895 2254 933 2282; x_wconf 89' lang='lat' dir='ltr'><strong>et</strong></span> <span class='ocrx_word' id='word_1_252' title='bbox 953 2244 1069 2281; x_wconf 88' lang='lat' dir='ltr'><strong>semel</strong></span> <span class='ocrx_word' id='word_1_253' title='bbox 1089 2242 1300 2283; x_wconf 84' lang='lat' dir='ltr'><strong>definitum,</strong></span> <span class='ocrx_word' id='word_1_254' title='bbox 1328 2241 1432 2275; x_wconf 79' lang='lat' dir='ltr'><strong>ideo-</strong></span> 
     </span>
     <span class='ocr_line' id='line_1_33' title="bbox 108 2302 1432 2355; baseline -0.002 -16"><span class='ocrx_word' id='word_1_255' title='bbox 108 2315 183 2352; x_wconf 78' lang='lat' dir='ltr'><strong>que</strong></span> <span class='ocrx_word' id='word_1_256' title='bbox 204 2305 359 2340; x_wconf 85' lang='lat' dir='ltr'><strong>verbum</strong></span> <span class='ocrx_word' id='word_1_257' title='bbox 375 2305 537 2342; x_wconf 76' lang='grc' dir='ltr'>πυνθιίν.</span> <span class='ocrx_word' id='word_1_258' title='bbox 569 2309 608 2343; x_wconf 89' lang='lat' dir='ltr'><strong>in</strong></span> <span class='ocrx_word' id='word_1_259' title='bbox 626 2320 670 2343; x_wconf 83' lang='lat' dir='ltr'><strong>ea</strong></span> <span class='ocrx_word' id='word_1_260' title='bbox 687 2321 764 2343; x_wconf 88' lang='lat' dir='ltr'><strong>non</strong></span> <span class='ocrx_word' id='word_1_261' title='bbox 786 2308 970 2355; x_wconf 82' lang='lat' dir='ltr'><strong>quadrare</strong></span> <span class='ocrx_word' id='word_1_262' title='bbox 998 2304 1166 2351; x_wconf 78' lang='lat' dir='ltr'><strong>putabat)</strong></span> <span class='ocrx_word' id='word_1_263' title='bbox 1197 2302 1263 2336; x_wconf 86' lang='lat' dir='ltr'><strong>sed</strong></span> <span class='ocrx_word' id='word_1_264' title='bbox 1289 2302 1328 2335; x_wconf 85' lang='lat' dir='ltr'><strong>in</strong></span> <span class='ocrx_word' id='word_1_265' title='bbox 1350 2303 1432 2336; x_wconf 85' lang='lat' dir='ltr'><strong>uui·</strong></span> 
     </span>
     <span class='ocr_line' id='line_1_34' title="bbox 108 2363 1433 2413; baseline -0.002 -14"><span class='ocrx_word' id='word_1_266' title='bbox 108 2377 258 2400; x_wconf 81' lang='lat' dir='ltr'><strong>versum</strong></span> <span class='ocrx_word' id='word_1_267' title='bbox 276 2366 523 2411; x_wconf 80' lang='lat' dir='ltr'><strong>intelligenda</strong></span> <span class='ocrx_word' id='word_1_268' title='bbox 540 2376 625 2403; x_wconf 89' lang='lat' dir='ltr'><strong>sunt</strong></span> <span class='ocrx_word' id='word_1_269' title='bbox 645 2370 797 2405; x_wconf 85' lang='lat' dir='ltr'><strong>comitia</strong></span> <span class='ocrx_word' id='word_1_270' title='bbox 809 2395 818 2413; x_wconf 90' lang='lat'><strong>,</strong></span> <span class='ocrx_word' id='word_1_271' title='bbox 848 2368 926 2403; x_wconf 87' lang='lat' dir='ltr'><strong>sive</strong></span> <span class='ocrx_word' id='word_1_272' title='bbox 949 2365 1137 2401; x_wconf 79' lang='lat' dir='ltr'><strong>ordinaria</strong></span> <span class='ocrx_word' id='word_1_273' title='bbox 1155 2363 1222 2398; x_wconf 85' lang='lat' dir='ltr'><strong>illa</strong></span> <span class='ocrx_word' id='word_1_274' title='bbox 1239 2363 1326 2405; x_wconf 86' lang='lat' dir='ltr'><strong>sint,</strong></span> <span class='ocrx_word' id='word_1_275' title='bbox 1354 2363 1433 2397; x_wconf 88' lang='lat' dir='ltr'><strong>sive</strong></span> 
     </span>
     <span class='ocr_line' id='line_1_35' title="bbox 111 2424 1433 2477; baseline -0.001 -19"><span class='ocrx_word' id='word_1_276' title='bbox 111 2426 417 2462; x_wconf 80' lang='lat' dir='ltr'><strong>extraordinaria.</strong></span> <span class='ocrx_word' id='word_1_277' title='bbox 469 2430 703 2465; x_wconf 59' lang='lat' dir='ltr'><strong>Alterutrum</strong></span> <span class='ocrx_word' id='word_1_278' title='bbox 726 2442 843 2477; x_wconf 81' lang='lat' dir='ltr'><strong>genus</strong></span> <span class='ocrx_word' id='word_1_279' title='bbox 865 2430 897 2465; x_wconf 88' lang='lat' dir='ltr'><strong>si</strong></span> <span class='ocrx_word' id='word_1_280' title='bbox 919 2429 1040 2465; x_wconf 85' lang='lat' dir='ltr'><strong>solum</strong></span> <span class='ocrx_word' id='word_1_281' title='bbox 1068 2424 1231 2470; x_wconf 78' lang='lat' dir='ltr'><strong>intelligi</strong></span> <span class='ocrx_word' id='word_1_282' title='bbox 1253 2424 1433 2458; x_wconf 85' lang='lat' dir='ltr'><strong>voluisset</strong></span> 
     </span>
     <span class='ocr_line' id='line_1_36' title="bbox 110 2485 1433 2538; baseline -0.002 -19"><span class='ocrx_word' id='word_1_283' title='bbox 110 2485 325 2531; x_wconf 82' lang='lat' dir='ltr'><strong>Theophr.‚</strong></span> <span class='ocrx_word' id='word_1_284' title='bbox 354 2488 565 2525; x_wconf 80' lang='lat' dir='ltr'><strong>addendum</strong></span> <span class='ocrx_word' id='word_1_285' title='bbox 582 2492 755 2537; x_wconf 87' lang='lat' dir='ltr'><strong>profecto</strong></span> <span class='ocrx_word' id='word_1_286' title='bbox 773 2491 916 2538; x_wconf 87' lang='lat' dir='ltr'><strong>aliquid</strong></span> <span class='ocrx_word' id='word_1_287' title='bbox 936 2496 1026 2525; x_wconf 83' lang='lat' dir='ltr'><strong>erat.</strong></span> <span class='ocrx_word' id='word_1_288' title='bbox 1078 2488 1121 2522; x_wconf 87' lang='lat' dir='ltr'><strong>In</strong></span> <span class='ocrx_word' id='word_1_289' title='bbox 1151 2497 1194 2520; x_wconf 89' lang='lat' dir='ltr'><strong>eo</strong></span> <span class='ocrx_word' id='word_1_290' title='bbox 1219 2491 1346 2520; x_wconf 79' lang='lat' dir='ltr'><strong>autem</strong></span> <span class='ocrx_word' id='word_1_291' title='bbox 1377 2490 1433 2518; x_wconf 88' lang='lat' dir='ltr'><strong>est</strong></span> 
     </span>
     <span class='ocr_line' id='line_1_37' title="bbox 110 2543 1434 2601; baseline 0 -21"><span class='ocrx_word' id='word_1_292' title='bbox 110 2544 278 2592; x_wconf 84' lang='lat' dir='ltr'><strong>loquacis</strong></span> <span class='ocrx_word' id='word_1_293' title='bbox 303 2547 462 2584; x_wconf 87' lang='lat' dir='ltr'><strong>hominis</strong></span> <span class='ocrx_word' id='word_1_294' title='bbox 492 2551 654 2597; x_wconf 87' lang='lat' dir='ltr'><strong>ineptia,</strong></span> <span class='ocrx_word' id='word_1_295' title='bbox 684 2554 785 2601; x_wconf 79' lang='lat' dir='ltr'><strong>quod</strong></span> <span class='ocrx_word' id='word_1_296' title='bbox 814 2554 894 2588; x_wconf 87' lang='lat' dir='ltr'><strong>aliis</strong></span> <span class='ocrx_word' id='word_1_297' title='bbox 926 2549 1056 2585; x_wconf 86' lang='lat' dir='ltr'><strong>sedulo</strong></span> <span class='ocrx_word' id='word_1_298' title='bbox 1082 2546 1301 2589; x_wconf 78' lang='lat' dir='ltr'><strong>renunciat,</strong></span> <span class='ocrx_word' id='word_1_299' title='bbox 1332 2543 1434 2591; x_wconf 81' lang='lat' dir='ltr'><strong>quod</strong></span> 
     </span>
     <span class='ocr_line' id='line_1_38' title="bbox 109 2606 1433 2661; baseline 0.008 -21"><span class='ocrx_word' id='word_1_300' title='bbox 109 2607 184 2651; x_wconf 83' lang='lat' dir='ltr'><strong>ipsi</strong></span> <span class='ocrx_word' id='word_1_301' title='bbox 211 2614 275 2642; x_wconf 86' lang='lat' dir='ltr'><strong>aut</strong></span> <span class='ocrx_word' id='word_1_302' title='bbox 298 2610 531 2646; x_wconf 81' lang='lat' dir='ltr'><strong>resciverunt</strong></span> <span class='ocrx_word' id='word_1_303' title='bbox 559 2615 634 2656; x_wconf 78' lang='lat' dir='ltr'><strong>jam</strong></span> <span class='ocrx_word' id='word_1_304' title='bbox 665 2625 688 2649; x_wconf 85' lang='lat' dir='ltr'><strong>e</strong></span> <span class='ocrx_word' id='word_1_305' title='bbox 708 2606 990 2661; x_wconf 67' lang='lat' dir='ltr'><strong>programmate</strong></span> <span class='ocrx_word' id='word_1_306' title='bbox 1015 2610 1085 2646; x_wconf 75' lang='lat' dir='ltr'><strong>vel·</strong></span> <span class='ocrx_word' id='word_1_307' title='bbox 1102 2607 1325 2654; x_wconf 79' lang='lat' dir='ltr'><strong>praeconio,</strong></span> <span class='ocrx_word' id='word_1_308' title='bbox 1366 2611 1433 2641; x_wconf 59' lang='lat'><strong>⁸1¹2</strong></span> 
     </span>
     <span class='ocr_line' id='line_1_39' title="bbox 111 2665 529 2708; baseline 0.01 -3"><span class='ocrx_word' id='word_1_309' title='bbox 111 2665 216 2705; x_wconf 71' lang='lat' dir='ltr'><strong>brevi</strong></span> <span class='ocrx_word' id='word_1_310' title='bbox 235 2669 408 2706; x_wconf 85' lang='lat' dir='ltr'><strong>rescituri</strong></span> <span class='ocrx_word' id='word_1_311' title='bbox 432 2679 529 2708; x_wconf 85' lang='lat' dir='ltr'><strong>sunt.</strong></span> 
     </span>
    </p>
   </div>
   <div class='ocr_carea' id='block_1_6' title="bbox 1084 2734 1160 2775">
    <p class='ocr_par' dir='ltr' id='par_1_8' title="bbox 1084 2734 1160 2775">
     <span class='ocr_line' id='line_1_40' title="bbox 1084 2734 1160 2775; baseline -0.039 0"><span class='ocrx_word' id='word_1_312' title='bbox 1084 2734 1160 2775; x_wconf 66' lang='lat' dir='ltr'><strong>De</strong></span> 
     </span>
    </p>
   </div>
  </div>
 </body>
</html>
