1706 3058
1367 71 1449 128 239

124 196 393 242 praeconem
444 180 822 238 interrogabatur,
874 181 1096 238 primum,
1149 193 1205 221 an
1244 182 1454 235 προβολῆς

123 254 295 311 legibus
327 269 425 296 reus
457 254 595 296 teneri
633 254 876 295 videretur.
937 252 981 295 Si
1013 252 1183 310 quibus·
1208 252 1452 299 videretur,

70 334 71 339 ’
123 325 160 367 ii
191 341 351 369 manus
391 327 681 378 sustulerunt,
727 340 865 381 eaque
901 327 1229 380 καταχειροτονία
1271 322 1453 364 diceba-

121 401 210 440 tu‘r.
271 399 544 454 Sequebatur
575 397 709 437 altera
746 394 945 452 rogatio,
989 411 1043 436 an
1083 411 1175 436 non
1207 393 1348 437 teneri
1379 392 1453 434 vi-

124 471 315 513 deretur.
378 467 551 524 Quibus
593 482 685 508 non
727 466 976 515 videretur,
1019 465 1128 507 item
1159 481 1317 508 manus
1348 480 1454 522 por·-

120 551 352 589 rexerunt‚
409 553 548 594 eaque
587 549 678 580 erat
727 537 1050 594 οἷποχειροτονία.
1132 540 1264 594 Quod
1312 541 1453 589 major

120 625 221 667 pars
252 608 510 658 censuisset,
543 621 687 651 ratum
710 614 879 663 erat³⁰).
943 613 1284 665 Καταχειροτονία
1305 620 1454 649 autem

120 695 215 722 non
246 681 336 722 nisi
367 695 419 722 eo
451 683 637 729 valebat,
670 692 723 722 ut
752 692 888 730 actor,
921 679 1125 737 quamvis
1159 680 1291 737 inops
1317 693 1452 738 atque

121 751 332 801 humilis,
373 752 528 808 populi
566 751 838 808 praejudicio
882 751 1015 792 etiam
1048 762 1198 793 contra
1231 751 1453 808 potentis-

119 823 287 865 simum
319 823 620 865 adversarium
650 823 874 872 munitus,
918 837 1095 866 causam
1132 837 1279 870 suam,
1326 822 1454 879 quasi

121 895 348 951 publicam
392 905 436 935 et
477 909 609 951 quam
649 894 856 935 universa
905 895 1063 936 civitas
1113 896 1450 951 quodammodo

120 969 177 1008 ad
216 982 262 1008 se
303 966 447 1021 ipsam
488 965 707 1020 pertinere
757 964 997 1016 judicasset
1037 977 1079 1007 et
1121 964 1330 1022 suffragio
1371 979 1454 1006 suo

119 1040 371 1096 probasset,
425 1051 528 1077 cum
567 1034 758 1077 certiore
807 1035 1018 1077 vincendi
1073 1052 1149 1093 spe
1192 1037 1239 1078 in
1279 1035 1453 1089 judicio

121 1121 281 1163 ageret.
342 1111 496 1164 Neque
529 1106 650 1148 enim
690 1120 793 1147 cum
833 1121 1006 1162 poenae
1050 1106 1325 1165 irrogatione
1355 1127 1456 1165 προ-

120 1181 224 1239 βολή
255 1181 339 1222 ista
370 1183 606 1230 conjuncta
640 1188 744 1226 erat,
776 1193 920 1235 neque
950 1181 1143 1236 populus
1175 1182 1229 1222 ad
1260 1180 1458 1236 aliquam

121 1267 315 1310 poenam
346 1266 473 1292 reum
504 1250 853 1299 condemnabat;
898 1252 975 1291 sed
1016 1262 1118 1307 post
1157 1250 1268 1293 illud
1308 1250 1458 1293 corni-

119 1324 290 1365 tiorum
329 1319 658 1379 praejudicium
689 1335 756 1361 res
797 1321 853 1361 ad
892 1321 1089 1378 aliquem
1125 1329 1182 1365 *ex
1212 1323 1454 1365 Archonti-

120 1395 264 1451 bus³¹)
298 1393 600 1439 deferebatur,
635 1390 714 1447 qui
748 1406 864 1441 eam,
897 1395 1063 1442 eadem,
1098 1410 1184 1450 qua
1217 1393 1320 1435 alias
1338 1406 1454 1435 “cau-

122 1481 188 1508 sas
203 1465 421 1522 publicas,
444 1462 631 1511 ratione,
654 1462 897 1504 Heliastico
914 1464 1083 1516 judicio
1098 1459 1455 1522 cognoscendam

121 1549 166 1579 et
188 1536 522 1593 dijudicandam
545 1532 920 1587 committeret⁵²).
980 1539 1085 1578 Erat
1107 1548 1256 1579 autem
1273 1537 1310 1579 is
1342 1537 1453 1595 ἀγών

167 1711 226 1755 50)
253 1709 335 1743 vid.
361 1706 472 1742 Petit.
500 1707 618 1751 Legg.
645 1708 720 1741 Att.
746 1719 783 1752 p.
818 1719 897 1755 307.
926 1707 990 1754 qui
1014 1708 1205 1744 immerito
1238 1710 1335 1756 apud
1368 1711 1449 1745 Sui-

118 1770 206 1805 dam
250 1782 319 1815 pro
362 1766 643 1812 οἷποχειροτονιά
686 1769 947 1812 reponendum
993 1776 1124 1803 censet
1166 1769 1452 1814 ἐπιχειροτονία,

118 1832 207 1878 quia
232 1829 534 1874 οἷποχειροτονεῖν
560 1828 632 1861 alio
659 1840 771 1863 sensu
796 1831 893 1874 apud
926 1829 1124 1864 Pollucem
1157 1830 1316 1875 legerat.
1377 1832 1452 1865 Sed

117 1892 263 1928 fefellit
288 1903 390 1933 eum,
416 1890 519 1923 aliud
545 1902 627 1924 esse
653 1890 953 1936 ιῖποχειροτονεῒν
982 1902 1069 1925 cum
1094 1891 1319 1935 accusativo,
1346 1892 1450 1926 aliud

118 1966 207 1989 cum
238 1952 405 1998 genitivo
447 1956 725 1993 constructum,
771 1951 1084 1996 quemadmodum
1118 1952 1300 1986 differunt
1335 1953 1452 1987 etiam

119 2011 427 2060 ἁποψηφίζεσθαί
449 2025 534 2046 τινα
558 2017 595 2044 et
619 2011 730 2047 τινός.
783 2012 962 2046 Ceterum
994 2012 1043 2047 cf.
1081 2011 1206 2048 Schol.
1241 2014 1375 2048 Bavar.
1404 2011 1451 2048 ad

118 2075 229 2108 Dem.
257 2073 297 2106 iu
320 2072 417 2106 Mid.
451 2084 487 2117 p.
523 2077 578 2111 82·
606 2073 651 2106 R.

163 2166 223 2211 51)
248 2163 503 2198 Thesmothae
532 2164 604 2198 soli
628 2164 868 2199 nominantur
902 2179 923 2200 a
947 2168 1125 2210 Polluce,
1160 2167 1266 2201 VIII.
1300 2171 1356 2213 87.
1383 2168 1450 2201 sed

118 2225 201 2260 siue
225 2225 338 2259 dubio
365 2225 437 2259 ah'a
462 2237 656 2260 causarum
681 2237 820 2271 genera
861 2228 908 2262 ad
939 2229 1055 2262 alium
1087 2229 1309 2264 archontem
1332 2230 1449 2274 perli-

120 2287 272 2320 nebant.

165 2379 224 2422 32)
251 2378 309 2412 Cf.
336 2378 543 2421 NIatthiae,
571 2378 617 2413 de
642 2379 723 2413 Jud.
759 2380 844 2414 Ath.
884 2382 924 2415 P.
963 2395 994 2416 2.
1031 2395 1068 2428 p.
1095 2389 1173 2423 2⁷8-
1218 2394 1272 2428 sq.
1309 2383 1449 2428 Quam-

121 2450 232 2485 quam
259 2451 333 2485 qua
355 2440 502 2474 ratione
534 2440 708 2474 inductus
740 2442 799 2475 vir
832 2441 1068 2478 doctissimus
1102 2446 1328 2490 Timagorae
1362 2456 1449 2477 cau—

118 2511 217 2542 sam,
243 2511 299 2545 ap.
327 2500 525 2534 Demosth.
552 2512 589 2545 p.
613 2511 697 2545 550,
723 2502 796 2536 huc
820 2503 1064 2538 referendam
1086 2505 1241 2550 putarit,
1269 2505 1447 2550 equidem

118 2571 195 2593 non
218 2560 414 2606 perspicio.
463 2561 547 2595 Vid.
575 2573 674 2607 supr.
702 2574 782 2608 cap.
808 2575 840 2608 3.
867 2564 943 2607 huj.
969 2565 1054 2599 libr.
1081 2577 1118 2610 p.
1149 2578 1225 2611 ¹90·
1267 2567 1446 2600 Ceterum

116 2632 226 2666 quam
252 2632 429 2666 perverse
464 2621 510 2656 de
543 2621 615 2656 hoc
651 2623 877 2665 judiciorum
909 2636 1051 2670 genere
1074 2627 1241 2670 Heynius
1266 2628 1442 2667 senserit,
