<?xml version="1.0" encoding="UTF-8"?>
<!DOCTYPE html PUBLIC "-//W3C//DTD XHTML 1.0 Transitional//EN"
    "http://www.w3.org/TR/xhtml1/DTD/xhtml1-transitional.dtd">
<html xmlns="http://www.w3.org/1999/xhtml" xml:lang="en" lang="en">
 <head>
  <title>
</title>
<meta http-equiv="Content-Type" content="text/html;charset=utf-8" />
  <meta name='ocr-system' content='tesseract 3.04.00' />
  <meta name='ocr-capabilities' content='ocr_page ocr_carea ocr_par ocr_line ocrx_word'/>
</head>
<body>
  <div class='ocr_page' id='page_1' title='image "./decomitiisatheni00sch_0323.png"; bbox 0 0 1706 3058; ppageno 0'>
   <div class='ocr_carea' id='block_1_1' title="bbox 87 102 1416 1116">
    <p class='ocr_par' dir='ltr' id='par_1_1' title="bbox 87 102 1416 1116">
     <span class='ocr_line' id='line_1_1' title="bbox 1327 102 1415 156; baseline 0 -15"><span class='ocrx_word' id='word_1_1' title='bbox 1327 102 1415 156; x_wconf 66' lang='lat'>287</span> 
     </span>
     <span class='ocr_line' id='line_1_2' title="bbox 90 201 1409 262; baseline 0 -15"><span class='ocrx_word' id='word_1_2' title='bbox 90 206 176 249; x_wconf 84' lang='lat' dir='ltr'>tior</span> <span class='ocrx_word' id='word_1_3' title='bbox 207 215 272 246; x_wconf 77' lang='lat' dir='ltr'>est</span> <span class='ocrx_word' id='word_1_4' title='bbox 300 208 578 258; x_wconf 81' lang='grc' dir='ltr'><strong><em>πεντηκοστῆς</em></strong></span> <span class='ocrx_word' id='word_1_5' title='bbox 607 218 638 246; x_wconf 85' lang='lat' dir='ltr'>s,</span> <span class='ocrx_word' id='word_1_6' title='bbox 671 201 1061 260; x_wconf 84' lang='lat' dir='ltr'>quinquagesimae</span> <span class='ocrx_word' id='word_1_7' title='bbox 1080 203 1282 253; x_wconf 87' lang='lat' dir='ltr'>mentio;</span> <span class='ocrx_word' id='word_1_8' title='bbox 1315 205 1409 262; x_wconf 70' lang='grc' dir='ltr'><em>ἆγο-</em></span> 
     </span>
     <span class='ocr_line' id='line_1_3' title="bbox 92 273 1412 335; baseline 0.002 -19"><span class='ocrx_word' id='word_1_9' title='bbox 92 278 168 335; x_wconf 74' lang='grc' dir='ltr'>ράς</span> <span class='ocrx_word' id='word_1_10' title='bbox 198 287 241 316; x_wconf 86' lang='lat' dir='ltr'>et</span> <span class='ocrx_word' id='word_1_11' title='bbox 282 279 441 330; x_wconf 75' lang='grc' dir='ltr'><em>λιμένας</em></span> <span class='ocrx_word' id='word_1_12' title='bbox 480 273 682 315; x_wconf 83' lang='lat' dir='ltr'>nominat</span> <span class='ocrx_word' id='word_1_13' title='bbox 721 288 951 331; x_wconf 77' lang='lat' dir='ltr'>propterea</span> <span class='ocrx_word' id='word_1_14' title='bbox 995 275 1113 330; x_wconf 91' lang='lat' dir='ltr'>quod</span> <span class='ocrx_word' id='word_1_15' title='bbox 1145 275 1192 315; x_wconf 88' lang='lat' dir='ltr'>in</span> <span class='ocrx_word' id='word_1_16' title='bbox 1224 276 1327 318; x_wconf 86' lang='lat' dir='ltr'>foris</span> <span class='ocrx_word' id='word_1_17' title='bbox 1354 292 1412 319; x_wconf 84' lang='lat' dir='ltr'>-ae</span> 
     </span>
     <span class='ocr_line' id='line_1_4' title="bbox 90 344 1414 403; baseline 0.002 -15"><span class='ocrx_word' id='word_1_18' title='bbox 90 349 308 403; x_wconf 84' lang='lat' dir='ltr'>portubus</span> <span class='ocrx_word' id='word_1_19' title='bbox 342 345 556 387; x_wconf 81' lang='lat' dir='ltr'>mercium</span> <span class='ocrx_word' id='word_1_20' title='bbox 589 344 950 399; x_wconf 83' lang='lat' dir='ltr'>importatarum,</span> <span class='ocrx_word' id='word_1_21' title='bbox 997 357 1320 400; x_wconf 83' lang='lat' dir='ltr'>exportatarum</span> <span class='ocrx_word' id='word_1_22' title='bbox 1364 363 1414 390; x_wconf 86' lang='lat' dir='ltr'>ae</span> 
     </span>
     <span class='ocr_line' id='line_1_5' title="bbox 88 415 1413 471; baseline -0.005 -11"><span class='ocrx_word' id='word_1_23' title='bbox 88 418 375 461; x_wconf 76' lang='lat' dir='ltr'>venditarum</span> <span class='ocrx_word' id='word_1_24' title='bbox 408 415 636 471; x_wconf 81' lang='lat' dir='ltr'>vectigalia</span> <span class='ocrx_word' id='word_1_25' title='bbox 666 418 896 471; x_wconf 76' lang='lat' dir='ltr'>pendenda</span> <span class='ocrx_word' id='word_1_26' title='bbox 928 428 1074 464; x_wconf 77' lang='lat' dir='ltr'>erant3</span> <span class='ocrx_word' id='word_1_27' title='bbox 1116 418 1292 471; x_wconf 79' lang='grc' dir='ltr'><em>μισθούς</em></span> <span class='ocrx_word' id='word_1_28' title='bbox 1331 435 1413 461; x_wconf 83' lang='lat' dir='ltr'>au..</span> 
     </span>
     <span class='ocr_line' id='line_1_6' title="bbox 90 487 1413 544; baseline 0.004 -12"><span class='ocrx_word' id='word_1_29' title='bbox 90 501 182 532; x_wconf 83' lang='lat' dir='ltr'>tem</span> <span class='ocrx_word' id='word_1_30' title='bbox 226 505 317 531; x_wconf 83' lang='lat' dir='ltr'>esse</span> <span class='ocrx_word' id='word_1_31' title='bbox 355 499 486 544; x_wconf 85' lang='lat' dir='ltr'>puto,</span> <span class='ocrx_word' id='word_1_32' title='bbox 526 501 635 543; x_wconf 83' lang='lat' dir='ltr'>quae</span> <span class='ocrx_word' id='word_1_33' title='bbox 674 487 776 528; x_wconf 68' lang='lat' dir='ltr'>ali-is</span> <span class='ocrx_word' id='word_1_34' title='bbox 815 487 1058 541; x_wconf 70' lang='grc' dir='ltr'><em>μισθώματα</em></span> <span class='ocrx_word' id='word_1_35' title='bbox 1087 501 1162 529; x_wconf 88' lang='lat' dir='ltr'>aut</span> <span class='ocrx_word' id='word_1_36' title='bbox 1193 492 1413 543; x_wconf 78' lang='grc' dir='ltr'><em>μισθώσεις</em></span> 
     </span>
     <span class='ocr_line' id='line_1_7' title="bbox 92 555 1414 616; baseline -0.002 -12"><span class='ocrx_word' id='word_1_37' title='bbox 92 563 325 613; x_wconf 80' lang='lat' dir='ltr'>dicuntur,</span> <span class='ocrx_word' id='word_1_38' title='bbox 366 555 604 615; x_wconf 84' lang='lat' dir='ltr'>pensiones</span> <span class='ocrx_word' id='word_1_39' title='bbox 646 559 843 610; x_wconf 86' lang='lat' dir='ltr'>aedium,</span> <span class='ocrx_word' id='word_1_40' title='bbox 881 574 1109 616; x_wconf 83' lang='lat' dir='ltr'>agrorum,</span> <span class='ocrx_word' id='word_1_41' title='bbox 1143 577 1414 616; x_wconf 82' lang='lat' dir='ltr'>pascuorum</span> 
     </span>
     <span class='ocr_line' id='line_1_8' title="bbox 89 630 1415 688; baseline 0.002 -14"><span class='ocrx_word' id='word_1_42' title='bbox 89 632 361 687; x_wconf 80' lang='lat' dir='ltr'>aliarumque</span> <span class='ocrx_word' id='word_1_43' title='bbox 393 647 540 672; x_wconf 85' lang='lat' dir='ltr'>rerum</span> <span class='ocrx_word' id='word_1_44' title='bbox 569 630 861 687; x_wconf 87' lang='lat' dir='ltr'>publicarum,</span> <span class='ocrx_word' id='word_1_45' title='bbox 896 647 1004 688; x_wconf 84' lang='lat' dir='ltr'>quae</span> <span class='ocrx_word' id='word_1_46' title='bbox 1036 631 1220 687; x_wconf 84' lang='lat' dir='ltr'>privatis</span> <span class='ocrx_word' id='word_1_47' title='bbox 1253 635 1415 677; x_wconf 82' lang='lat' dir='ltr'>elocari</span> 
     </span>
     <span class='ocr_line' id='line_1_9' title="bbox 88 705 1414 759; baseline 0.002 -13"><span class='ocrx_word' id='word_1_48' title='bbox 88 706 310 751; x_wconf 68' lang='lat' dir='ltr'>solebant3</span> <span class='ocrx_word' id='word_1_49' title='bbox 351 711 571 759; x_wconf 81' lang='grc' dir='ltr'><strong><em>πρυτανεῖα</em></strong></span> <span class='ocrx_word' id='word_1_50' title='bbox 610 713 716 742; x_wconf 85' lang='lat' dir='ltr'>sunt</span> <span class='ocrx_word' id='word_1_51' title='bbox 753 705 967 758; x_wconf 85' lang='lat' dir='ltr'>pecuniae</span> <span class='ocrx_word' id='word_1_52' title='bbox 1008 705 1221 759; x_wconf 81' lang='lat' dir='ltr'><strong>quaedam</strong></span> <span class='ocrx_word' id='word_1_53' title='bbox 1263 720 1286 746; x_wconf 89' lang='lat' dir='ltr'>a</span> <span class='ocrx_word' id='word_1_54' title='bbox 1317 706 1414 748; x_wconf 88' lang='lat' dir='ltr'>liti-</span> 
     </span>
     <span class='ocr_line' id='line_1_10' title="bbox 88 772 1416 833; baseline 0.002 -17"><span class='ocrx_word' id='word_1_55' title='bbox 88 775 290 832; x_wconf 84' lang='lat' dir='ltr'>gantibus</span> <span class='ocrx_word' id='word_1_56' title='bbox 322 785 420 816; x_wconf 82' lang='lat' dir='ltr'>ante</span> <span class='ocrx_word' id='word_1_57' title='bbox 449 772 668 826; x_wconf 75' lang='lat' dir='ltr'>J&#39;udicium</span> <span class='ocrx_word' id='word_1_58' title='bbox 700 774 936 829; x_wconf 77' lang='lat' dir='ltr'>depositae,</span> <span class='ocrx_word' id='word_1_59' title='bbox 967 775 1110 832; x_wconf 83' lang='lat' dir='ltr'>qualia</span> <span class='ocrx_word' id='word_1_60' title='bbox 1145 788 1267 817; x_wconf 86' lang='lat' dir='ltr'>erant</span> <span class='ocrx_word' id='word_1_61' title='bbox 1298 780 1416 833; x_wconf 84' lang='lat' dir='ltr'>apud.</span> 
     </span>
     <span class='ocr_line' id='line_1_11' title="bbox 87 844 1411 903; baseline 0.001 -14"><span class='ocrx_word' id='word_1_62' title='bbox 87 850 308 889; x_wconf 78' lang='lat' dir='ltr'>Romanos</span> <span class='ocrx_word' id='word_1_63' title='bbox 339 849 614 888; x_wconf 82' lang='lat' dir='ltr'>Sacramenta</span> <span class='ocrx_word' id='word_1_64' title='bbox 655 844 938 893; x_wconf 82' lang='lat' dir='ltr'>dicebantur3</span> <span class='ocrx_word' id='word_1_65' title='bbox 990 847 1243 903; x_wconf 78' lang='grc' dir='ltr'><em>δημιόπρατα</em></span> <span class='ocrx_word' id='word_1_66' title='bbox 1281 850 1411 890; x_wconf 82' lang='lat' dir='ltr'>deni-</span> 
     </span>
     <span class='ocr_line' id='line_1_12' title="bbox 89 915 1410 976; baseline 0.004 -18"><span class='ocrx_word' id='word_1_67' title='bbox 89 933 175 974; x_wconf 86' lang='lat' dir='ltr'>que</span> <span class='ocrx_word' id='word_1_68' title='bbox 207 927 310 958; x_wconf 86' lang='lat' dir='ltr'>sunt</span> <span class='ocrx_word' id='word_1_69' title='bbox 341 918 458 957; x_wconf 87' lang='lat' dir='ltr'>bona</span> <span class='ocrx_word' id='word_1_70' title='bbox 488 915 729 970; x_wconf 77' lang='lat' dir='ltr'>publicata,</span> <span class='ocrx_word' id='word_1_71' title='bbox 774 930 962 971; x_wconf 89' lang='lat' dir='ltr'>quorum</span> <span class='ocrx_word' id='word_1_72' title='bbox 994 918 1284 960; x_wconf 86' lang='lat' dir='ltr'>venditorum</span> <span class='ocrx_word' id='word_1_73' title='bbox 1316 937 1410 976; x_wconf 87' lang='lat' dir='ltr'>pre-</span> 
     </span>
     <span class='ocr_line' id='line_1_13' title="bbox 88 986 1411 1049; baseline 0.004 -19"><span class='ocrx_word' id='word_1_74' title='bbox 88 990 151 1031; x_wconf 77' lang='lat' dir='ltr'>tia</span> <span class='ocrx_word' id='word_1_75' title='bbox 180 990 225 1031; x_wconf 88' lang='lat' dir='ltr'>in</span> <span class='ocrx_word' id='word_1_76' title='bbox 257 987 476 1029; x_wconf 83' lang='lat' dir='ltr'>aerarium</span> <span class='ocrx_word' id='word_1_77' title='bbox 506 986 844 1043; x_wconf 77' lang='lat' dir='ltr'>redigebantur5</span> <span class='ocrx_word' id='word_1_78' title='bbox 876 988 1047 1044; x_wconf 81' lang='lat' dir='ltr'>reliqua</span> <span class='ocrx_word' id='word_1_79' title='bbox 1076 1004 1169 1032; x_wconf 86' lang='lat' dir='ltr'>non</span> <span class='ocrx_word' id='word_1_80' title='bbox 1202 1006 1313 1049; x_wconf 79' lang='lat' dir='ltr'>opus</span> <span class='ocrx_word' id='word_1_81' title='bbox 1345 1005 1411 1035; x_wconf 81' lang='lat' dir='ltr'>est</span> 
     </span>
     <span class='ocr_line' id='line_1_14' title="bbox 87 1059 320 1116; baseline 0 -16"><span class='ocrx_word' id='word_1_82' title='bbox 87 1059 320 1116; x_wconf 83' lang='lat' dir='ltr'>explicare.</span> 
     </span>
    </p>
   </div>
   <div class='ocr_carea' id='block_1_2' title="bbox 80 1145 1412 1760">
    <p class='ocr_par' dir='ltr' id='par_1_2' title="bbox 80 1145 1412 1760">
     <span class='ocr_line' id='line_1_15' title="bbox 171 1145 1410 1206; baseline 0.004 -18"><span class='ocrx_word' id='word_1_83' title='bbox 171 1149 347 1188; x_wconf 87' lang='lat' dir='ltr'>Horum</span> <span class='ocrx_word' id='word_1_84' title='bbox 379 1157 528 1187; x_wconf 79' lang='lat' dir='ltr'>autem</span> <span class='ocrx_word' id='word_1_85' title='bbox 558 1145 786 1188; x_wconf 84' lang='lat' dir='ltr'><strong>redituum</strong></span> <span class='ocrx_word' id='word_1_86' title='bbox 817 1146 1013 1188; x_wconf 79' lang='lat' dir='ltr'>rationes</span> <span class='ocrx_word' id='word_1_87' title='bbox 1045 1162 1222 1206; x_wconf 84' lang='lat' dir='ltr'>quaque</span> <span class='ocrx_word' id='word_1_88' title='bbox 1259 1152 1410 1204; x_wconf 78' lang='lat' dir='ltr'>Pryta-</span> 
     </span>
     <span class='ocr_line' id='line_1_16' title="bbox 86 1217 1408 1277; baseline 0.003 -17"><span class='ocrx_word' id='word_1_89' title='bbox 86 1217 164 1263; x_wconf 79' lang='lat' dir='ltr'>nia</span> <span class='ocrx_word' id='word_1_90' title='bbox 184 1217 450 1259; x_wconf 85' lang='lat' dir='ltr'>conficiebat</span> <span class='ocrx_word' id='word_1_91' title='bbox 466 1218 724 1274; x_wconf 85' lang='lat' dir='ltr'>populoque</span> <span class='ocrx_word' id='word_1_92' title='bbox 746 1221 1019 1274; x_wconf 83' lang='lat' dir='ltr'>proponebat</span> <span class='ocrx_word' id='word_1_93' title='bbox 1049 1221 1190 1262; x_wconf 86' lang='lat' dir='ltr'>scriba</span> <span class='ocrx_word' id='word_1_94' title='bbox 1210 1223 1408 1277; x_wconf 84' lang='lat' dir='ltr'>quidam,</span> 
     </span>
     <span class='ocr_line' id='line_1_17' title="bbox 80 1288 1412 1349; baseline 0 -16"><span class='ocrx_word' id='word_1_95' title='bbox 80 1288 380 1346; x_wconf 77' lang='grc' dir='ltr'><em>Ἀντιγραφεύς</em></span> <span class='ocrx_word' id='word_1_96' title='bbox 410 1289 625 1341; x_wconf 79' lang='lat' dir='ltr'>dietus³);</span> <span class='ocrx_word' id='word_1_97' title='bbox 672 1289 872 1344; x_wconf 84' lang='lat' dir='ltr'>itemque</span> <span class='ocrx_word' id='word_1_98' title='bbox 902 1292 1125 1333; x_wconf 84' lang='lat' dir='ltr'>bonorum</span> <span class='ocrx_word' id='word_1_99' title='bbox 1155 1294 1412 1349; x_wconf 77' lang='lat' dir='ltr'>publicato-</span> 
     </span>
     <span class='ocr_line' id='line_1_18' title="bbox 85 1359 1410 1416; baseline 0.005 -14"><span class='ocrx_word' id='word_1_100' title='bbox 85 1377 185 1402; x_wconf 85' lang='lat' dir='ltr'>rum</span> <span class='ocrx_word' id='word_1_101' title='bbox 216 1361 390 1401; x_wconf 82' lang='lat' dir='ltr'>tabulae</span> <span class='ocrx_word' id='word_1_102' title='bbox 428 1359 475 1399; x_wconf 87' lang='lat' dir='ltr'>in</span> <span class='ocrx_word' id='word_1_103' title='bbox 516 1359 659 1416; x_wconf 84' lang='lat' dir='ltr'>prima</span> <span class='ocrx_word' id='word_1_104' title='bbox 701 1365 914 1416; x_wconf 85' lang='lat' dir='ltr'>cujusque</span> <span class='ocrx_word' id='word_1_105' title='bbox 953 1361 1184 1415; x_wconf 79' lang='lat' dir='ltr'>Prytaniae</span> <span class='ocrx_word' id='word_1_106' title='bbox 1226 1366 1410 1408; x_wconf 82' lang='lat' dir='ltr'>ecclesia</span> 
     </span>
     <span class='ocr_line' id='line_1_19' title="bbox 83 1430 1411 1489; baseline 0.004 -16"><span class='ocrx_word' id='word_1_107' title='bbox 83 1433 251 1489; x_wconf 85' lang='lat' dir='ltr'>populo</span> <span class='ocrx_word' id='word_1_108' title='bbox 284 1430 597 1481; x_wconf 67' lang='lat' dir='ltr'>recitabantur.</span> <span class='ocrx_word' id='word_1_109' title='bbox 657 1432 799 1486; x_wconf 84' lang='lat' dir='ltr'>Atque</span> <span class='ocrx_word' id='word_1_110' title='bbox 832 1431 878 1471; x_wconf 83' lang='lat' dir='ltr'>in</span> <span class='ocrx_word' id='word_1_111' title='bbox 923 1434 1071 1474; x_wconf 86' lang='lat' dir='ltr'>eadem</span> <span class='ocrx_word' id='word_1_112' title='bbox 1111 1434 1185 1476; x_wconf 82' lang='lat' dir='ltr'>illa</span> <span class='ocrx_word' id='word_1_113' title='bbox 1225 1437 1411 1479; x_wconf 85' lang='lat' dir='ltr'>ecclesia</span> 
     </span>
     <span class='ocr_line' id='line_1_20' title="bbox 85 1502 1409 1562; baseline 0.003 -17"><span class='ocrx_word' id='word_1_114' title='bbox 85 1503 217 1545; x_wconf 85' lang='lat' dir='ltr'>etiam</span> <span class='ocrx_word' id='word_1_115' title='bbox 248 1503 536 1559; x_wconf 61' lang='lat' dir='ltr'>hereditates,</span> <span class='ocrx_word' id='word_1_116' title='bbox 578 1517 681 1557; x_wconf 82' lang='lat' dir='ltr'>quas</span> <span class='ocrx_word' id='word_1_117' title='bbox 713 1502 814 1557; x_wconf 87' lang='lat' dir='ltr'>quis</span> <span class='ocrx_word' id='word_1_118' title='bbox 845 1502 1030 1553; x_wconf 84' lang='lat' dir='ltr'>adierat,</span> <span class='ocrx_word' id='word_1_119' title='bbox 1071 1508 1240 1562; x_wconf 85' lang='lat' dir='ltr'>populo</span> <span class='ocrx_word' id='word_1_120' title='bbox 1281 1507 1409 1549; x_wconf 82' lang='lat' dir='ltr'>indi-</span> 
     </span>
     <span class='ocr_line' id='line_1_21' title="bbox 85 1572 1407 1630; baseline 0.003 -13"><span class='ocrx_word' id='word_1_121' title='bbox 85 1588 201 1618; x_wconf 75' lang='lat' dir='ltr'>catas</span> <span class='ocrx_word' id='word_1_122' title='bbox 235 1588 328 1616; x_wconf 84' lang='lat' dir='ltr'>esse</span> <span class='ocrx_word' id='word_1_123' title='bbox 347 1572 486 1614; x_wconf 86' lang='lat' dir='ltr'>Julius</span> <span class='ocrx_word' id='word_1_124' title='bbox 517 1575 669 1615; x_wconf 82' lang='lat' dir='ltr'>Pollux</span> <span class='ocrx_word' id='word_1_125' title='bbox 687 1573 914 1630; x_wconf 63' lang='lat' dir='ltr'>scribit⁹);</span> <span class='ocrx_word' id='word_1_126' title='bbox 947 1575 1165 1618; x_wconf 84' lang='lat' dir='ltr'>nimirum</span> <span class='ocrx_word' id='word_1_127' title='bbox 1187 1589 1237 1618; x_wconf 90' lang='lat' dir='ltr'>ut</span> <span class='ocrx_word' id='word_1_128' title='bbox 1263 1579 1407 1620; x_wconf 87' lang='lat' dir='ltr'>omni-</span> 
     </span>
     <span class='ocr_line' id='line_1_22' title="bbox 83 1645 1406 1706; baseline 0.002 -17"><span class='ocrx_word' id='word_1_129' title='bbox 83 1650 166 1689; x_wconf 86' lang='lat' dir='ltr'>bus</span> <span class='ocrx_word' id='word_1_130' title='bbox 207 1658 365 1688; x_wconf 87' lang='lat' dir='ltr'>notum</span> <span class='ocrx_word' id='word_1_131' title='bbox 403 1645 548 1692; x_wconf 84' lang='lat' dir='ltr'>fieret,</span> <span class='ocrx_word' id='word_1_132' title='bbox 590 1646 645 1685; x_wconf 82' lang='lat' dir='ltr'>ad</span> <span class='ocrx_word' id='word_1_133' title='bbox 690 1660 822 1701; x_wconf 83' lang='lat' dir='ltr'>quem</span> <span class='ocrx_word' id='word_1_134' title='bbox 861 1660 1059 1706; x_wconf 55' lang='lat' dir='ltr'>quoeque</span> <span class='ocrx_word' id='word_1_135' title='bbox 1095 1650 1212 1689; x_wconf 85' lang='lat' dir='ltr'>bona</span> <span class='ocrx_word' id='word_1_136' title='bbox 1242 1665 1406 1706; x_wconf 89' lang='lat' dir='ltr'>perve-</span> 
     </span>
     <span class='ocr_line' id='line_1_23' title="bbox 85 1729 268 1760; baseline 0.011 -2"><span class='ocrx_word' id='word_1_137' title='bbox 85 1729 268 1760; x_wconf 81' lang='lat' dir='ltr'>mssent.</span> 
     </span>
    </p>
   </div>
   <div class='ocr_carea' id='block_1_3' title="bbox 81 1802 1406 2075">
    <p class='ocr_par' dir='ltr' id='par_1_3' title="bbox 81 1802 1406 2075">
     <span class='ocr_line' id='line_1_24' title="bbox 166 1802 1406 1865; baseline 0.003 -19"><span class='ocrx_word' id='word_1_138' title='bbox 166 1804 366 1847; x_wconf 89' lang='lat' dir='ltr'>Dubium</span> <span class='ocrx_word' id='word_1_139' title='bbox 397 1815 544 1846; x_wconf 83' lang='lat' dir='ltr'>autem</span> <span class='ocrx_word' id='word_1_140' title='bbox 571 1802 743 1844; x_wconf 85' lang='lat' dir='ltr'>nemini</span> <span class='ocrx_word' id='word_1_141' title='bbox 784 1819 877 1846; x_wconf 85' lang='lat' dir='ltr'>esse</span> <span class='ocrx_word' id='word_1_142' title='bbox 906 1817 1074 1861; x_wconf 86' lang='lat' dir='ltr'>potest,</span> <span class='ocrx_word' id='word_1_143' title='bbox 1112 1808 1221 1865; x_wconf 86' lang='lat' dir='ltr'>quin</span> <span class='ocrx_word' id='word_1_144' title='bbox 1253 1810 1306 1850; x_wconf 88' lang='lat' dir='ltr'>de</span> <span class='ocrx_word' id='word_1_145' title='bbox 1336 1809 1406 1850; x_wconf 86' lang='lat' dir='ltr'>his</span> 
     </span>
     <span class='ocr_line' id='line_1_25' title="bbox 84 1864 1404 1931; baseline 0 -11"><span class='ocrx_word' id='word_1_146' title='bbox 84 1878 291 1920; x_wconf 85' lang='lat' dir='ltr'>omnibus</span> <span class='ocrx_word' id='word_1_147' title='bbox 339 1875 566 1917; x_wconf 83' lang='lat' dir='ltr'>redituum</span> <span class='ocrx_word' id='word_1_148' title='bbox 618 1864 852 1931; x_wconf 79' lang='lat' dir='ltr'>generibus</span> <span class='ocrx_word' id='word_1_149' title='bbox 904 1892 1131 1921; x_wconf 87' lang='lat' dir='ltr'>summum</span> <span class='ocrx_word' id='word_1_150' title='bbox 1178 1879 1404 1920; x_wconf 83' lang='lat' dir='ltr'>statuendi</span> 
     </span>
     <span class='ocr_line' id='line_1_26' title="bbox 82 1947 1404 2003; baseline 0.002 -14"><span class='ocrx_word' id='word_1_151' title='bbox 82 1947 312 1989; x_wconf 80' lang='lat' dir='ltr'>arbitrium</span> <span class='ocrx_word' id='word_1_152' title='bbox 342 1962 479 2003; x_wconf 87' lang='lat' dir='ltr'>penes</span> <span class='ocrx_word' id='word_1_153' title='bbox 510 1948 726 2002; x_wconf 86' lang='lat' dir='ltr'>populum</span> <span class='ocrx_word' id='word_1_154' title='bbox 757 1947 906 1990; x_wconf 85' lang='lat' dir='ltr'>fuerit.</span> <span class='ocrx_word' id='word_1_155' title='bbox 980 1952 1095 1991; x_wconf 85' lang='lat' dir='ltr'>Nam</span> <span class='ocrx_word' id='word_1_156' title='bbox 1137 1950 1175 1992; x_wconf 87' lang='lat' dir='ltr'>si</span> <span class='ocrx_word' id='word_1_157' title='bbox 1215 1963 1291 1992; x_wconf 85' lang='lat' dir='ltr'>aut</span> <span class='ocrx_word' id='word_1_158' title='bbox 1321 1965 1404 1993; x_wconf 90' lang='lat' dir='ltr'>no-</span> 
     </span>
     <span class='ocr_line' id='line_1_27' title="bbox 81 2019 1404 2075; baseline 0.002 -15"><span class='ocrx_word' id='word_1_159' title='bbox 81 2034 242 2060; x_wconf 86' lang='lat' dir='ltr'>vorum</span> <span class='ocrx_word' id='word_1_160' title='bbox 282 2019 683 2074; x_wconf 85' lang='lat' dir='ltr'>comparandorum</span> <span class='ocrx_word' id='word_1_161' title='bbox 726 2030 801 2059; x_wconf 90' lang='lat' dir='ltr'>aut</span> <span class='ocrx_word' id='word_1_162' title='bbox 846 2030 1047 2062; x_wconf 84' lang='lat' dir='ltr'>veterum</span> <span class='ocrx_word' id='word_1_163' title='bbox 1098 2022 1404 2075; x_wconf 80' lang='lat' dir='ltr'>augendorum</span> 
     </span>
    </p>
   </div>
   <div class='ocr_carea' id='block_1_4' title="bbox 76 2142 1409 2612">
    <p class='ocr_par' dir='ltr' id='par_1_4' title="bbox 76 2142 1409 2612">
     <span class='ocr_line' id='line_1_28' title="bbox 127 2142 1405 2194; baseline 0.005 -17"><span class='ocrx_word' id='word_1_164' title='bbox 127 2147 163 2190; x_wconf 79' lang='lat'>5)</span> <span class='ocrx_word' id='word_1_165' title='bbox 190 2144 363 2178; x_wconf 85' lang='lat' dir='ltr'>Aeschin.</span> <span class='ocrx_word' id='word_1_166' title='bbox 391 2145 470 2178; x_wconf 83' lang='lat' dir='ltr'>adv.</span> <span class='ocrx_word' id='word_1_167' title='bbox 499 2142 732 2189; x_wconf 82' lang='lat' dir='ltr'>ctesiphont.</span> <span class='ocrx_word' id='word_1_168' title='bbox 759 2157 796 2189; x_wconf 90' lang='lat' dir='ltr'>p.</span> <span class='ocrx_word' id='word_1_169' title='bbox 820 2158 899 2192; x_wconf 78' lang='lat'>417.</span> <span class='ocrx_word' id='word_1_170' title='bbox 935 2145 1199 2194; x_wconf 72' lang='grc' dir='ltr'><strong><em>Ἀντιγραφεῦς</em></strong></span> <span class='ocrx_word' id='word_1_171' title='bbox 1220 2143 1266 2191; x_wconf 80' lang='grc' dir='ltr'>ἦν</span> <span class='ocrx_word' id='word_1_172' title='bbox 1289 2161 1405 2194; x_wconf 79' lang='grc' dir='ltr'><em>χειρο-</em></span> 
     </span>
     <span class='ocr_line' id='line_1_29' title="bbox 82 2203 1406 2255; baseline 0.003 -14"><span class='ocrx_word' id='word_1_173' title='bbox 82 2205 236 2250; x_wconf 74' lang='grc' dir='ltr'><strong><em>τονητὸς</em></strong></span> <span class='ocrx_word' id='word_1_174' title='bbox 259 2205 306 2252; x_wconf 81' lang='grc' dir='ltr'>τῇ</span> <span class='ocrx_word' id='word_1_175' title='bbox 331 2203 449 2248; x_wconf 81' lang='grc' dir='ltr'><strong><em>πόλει,</em></strong></span> <span class='ocrx_word' id='word_1_176' title='bbox 475 2203 512 2240; x_wconf 74' lang='grc' dir='ltr'>ὃς</span> <span class='ocrx_word' id='word_1_177' title='bbox 535 2203 625 2239; x_wconf 72' lang='grc' dir='ltr'>καθ’</span> <span class='ocrx_word' id='word_1_178' title='bbox 657 2203 808 2250; x_wconf 75' lang='grc' dir='ltr'><em>ἑκάστην</em></span> <span class='ocrx_word' id='word_1_179' title='bbox 831 2210 1060 2251; x_wconf 72' lang='grc' dir='ltr'><strong><em>Πρυτανείαν</em></strong></span> <span class='ocrx_word' id='word_1_180' title='bbox 1084 2206 1319 2255; x_wconf 75' lang='grc' dir='ltr'>οξπελογίζετο</span> <span class='ocrx_word' id='word_1_181' title='bbox 1340 2209 1406 2245; x_wconf 69' lang='grc' dir='ltr'>τοῖς</span> 
     </span>
     <span class='ocr_line' id='line_1_30' title="bbox 82 2262 1402 2311; baseline 0.002 -11"><span class='ocrx_word' id='word_1_182' title='bbox 82 2262 285 2310; x_wconf 75' lang='grc' dir='ltr'><em>προσόδους</em></span> <span class='ocrx_word' id='word_1_183' title='bbox 308 2264 362 2308; x_wconf 77' lang='grc' dir='ltr'>τῷ</span> <span class='ocrx_word' id='word_1_184' title='bbox 385 2263 496 2310; x_wconf 79' lang='grc' dir='ltr'>δήμῳ.</span> <span class='ocrx_word' id='word_1_185' title='bbox 547 2264 620 2299; x_wconf 88' lang='lat' dir='ltr'>Sed</span> <span class='ocrx_word' id='word_1_186' title='bbox 645 2271 837 2300; x_wconf 84' lang='lat' dir='ltr'>oratorum</span> <span class='ocrx_word' id='word_1_187' title='bbox 861 2273 1097 2311; x_wconf 82' lang='lat' dir='ltr'>nostrorum,</span> <span class='ocrx_word' id='word_1_188' title='bbox 1132 2268 1324 2302; x_wconf 77' lang='lat' dir='ltr'>Aeschinis</span> <span class='ocrx_word' id='word_1_189' title='bbox 1359 2281 1402 2302; x_wconf 82' lang='lat' dir='ltr'>ac</span> 
     </span>
     <span class='ocr_line' id='line_1_31' title="bbox 81 2323 1400 2375; baseline 0.005 -18"><span class='ocrx_word' id='word_1_190' title='bbox 81 2324 350 2358; x_wconf 81' lang='lat' dir='ltr'>Demosthenis</span> <span class='ocrx_word' id='word_1_191' title='bbox 375 2331 499 2359; x_wconf 81' lang='lat' dir='ltr'>aetate</span> <span class='ocrx_word' id='word_1_192' title='bbox 517 2335 630 2358; x_wconf 85' lang='lat' dir='ltr'>omne</span> <span class='ocrx_word' id='word_1_193' title='bbox 647 2325 754 2368; x_wconf 82' lang='lat' dir='ltr'>hujus</span> <span class='ocrx_word' id='word_1_194' title='bbox 778 2323 1050 2373; x_wconf 75' lang='grc' dir='ltr'><strong><em>Ἀντιγραφέως</em></strong></span> <span class='ocrx_word' id='word_1_195' title='bbox 1066 2340 1200 2364; x_wconf 88' lang='lat' dir='ltr'>munus</span> <span class='ocrx_word' id='word_1_196' title='bbox 1219 2331 1400 2375; x_wconf 78' lang='lat' dir='ltr'>aliquam-</span> 
     </span>
     <span class='ocr_line' id='line_1_32' title="bbox 82 2385 1400 2435; baseline 0.005 -17"><span class='ocrx_word' id='word_1_197' title='bbox 82 2385 144 2420; x_wconf 75' lang='lat' dir='ltr'>diu</span> <span class='ocrx_word' id='word_1_198' title='bbox 170 2386 360 2430; x_wconf 82' lang='lat' dir='ltr'>quaestori</span> <span class='ocrx_word' id='word_1_199' title='bbox 382 2386 659 2429; x_wconf 63' lang='lat' dir='ltr'>theomarum,</span> <span class='ocrx_word' id='word_1_200' title='bbox 691 2386 744 2431; x_wconf 68' lang='grc' dir='ltr'>τῷ</span> <span class='ocrx_word' id='word_1_201' title='bbox 769 2390 892 2431; x_wconf 74' lang='grc' dir='ltr'><em>Ταμίᾳ</em></span> <span class='ocrx_word' id='word_1_202' title='bbox 925 2386 999 2424; x_wconf 76' lang='grc' dir='ltr'>τῶν</span> <span class='ocrx_word' id='word_1_203' title='bbox 1030 2389 1243 2435; x_wconf 69' lang='grc' dir='ltr'><em>θεωρικῶν,</em></span> <span class='ocrx_word' id='word_1_204' title='bbox 1278 2391 1400 2434; x_wconf 54' lang='lat' dir='ltr'>injuu&lt;</span> 
     </span>
     <span class='ocr_line' id='line_1_33' title="bbox 81 2435 1397 2497; baseline 0.006 -20"><span class='ocrx_word' id='word_1_205' title='bbox 81 2450 185 2479; x_wconf 84' lang='lat' dir='ltr'>ctum</span> <span class='ocrx_word' id='word_1_206' title='bbox 209 2451 301 2488; x_wconf 84' lang='lat' dir='ltr'>erat,</span> <span class='ocrx_word' id='word_1_207' title='bbox 329 2445 448 2481; x_wconf 88' lang='lat' dir='ltr'>donec</span> <span class='ocrx_word' id='word_1_208' title='bbox 464 2448 692 2492; x_wconf 86' lang='lat' dir='ltr'>Hegemonis</span> <span class='ocrx_word' id='word_1_209' title='bbox 708 2435 901 2491; x_wconf 72' lang='lat' dir='ltr'>cujusdam</span> <span class='ocrx_word' id='word_1_210' title='bbox 921 2448 1008 2494; x_wconf 83' lang='lat' dir='ltr'>lege</span> <span class='ocrx_word' id='word_1_211' title='bbox 1031 2460 1091 2483; x_wconf 88' lang='lat' dir='ltr'>res</span> <span class='ocrx_word' id='word_1_212' title='bbox 1117 2449 1163 2482; x_wconf 84' lang='lat' dir='ltr'>ad</span> <span class='ocrx_word' id='word_1_213' title='bbox 1188 2451 1397 2497; x_wconf 80' lang='lat' dir='ltr'>antiquum.</span> 
     </span>
     <span class='ocr_line' id='line_1_34' title="bbox 80 2506 1409 2557; baseline 0.005 -17"><span class='ocrx_word' id='word_1_214' title='bbox 80 2511 123 2540; x_wconf 85' lang='lat' dir='ltr'>ut</span> <span class='ocrx_word' id='word_1_215' title='bbox 146 2506 312 2549; x_wconf 79' lang='lat' dir='ltr'>videtur,</span> <span class='ocrx_word' id='word_1_216' title='bbox 340 2507 511 2546; x_wconf 80' lang='lat' dir='ltr'>ordinem</span> <span class='ocrx_word' id='word_1_217' title='bbox 535 2507 656 2544; x_wconf 80' lang='lat' dir='ltr'>rediit.</span> <span class='ocrx_word' id='word_1_218' title='bbox 685 2509 764 2546; x_wconf 81' lang='lat' dir='ltr'>Vid.</span> <span class='ocrx_word' id='word_1_219' title='bbox 790 2508 901 2545; x_wconf 82' lang='lat' dir='ltr'>Petit.</span> <span class='ocrx_word' id='word_1_220' title='bbox 928 2510 1044 2555; x_wconf 81' lang='lat' dir='ltr'>Legg.</span> <span class='ocrx_word' id='word_1_221' title='bbox 1080 2511 1156 2544; x_wconf 82' lang='lat' dir='ltr'><strong>Att.</strong></span> <span class='ocrx_word' id='word_1_222' title='bbox 1183 2523 1218 2556; x_wconf 84' lang='lat' dir='ltr'>p.</span> <span class='ocrx_word' id='word_1_223' title='bbox 1246 2523 1320 2557; x_wconf 77' lang='lat'>541.</span> <span class='ocrx_word' id='word_1_224' title='bbox 1350 2514 1409 2557; x_wconf 56' lang='lat' dir='ltr'>cs,</span> 
     </span>
     <span class='ocr_line' id='line_1_35' title="bbox 76 2567 607 2612; baseline 0.008 -13"><span class='ocrx_word' id='word_1_225' title='bbox 76 2567 229 2612; x_wconf 84' lang='lat' dir='ltr'>Taylor.</span> <span class='ocrx_word' id='word_1_226' title='bbox 257 2567 304 2601; x_wconf 76' lang='lat' dir='ltr'>ad</span> <span class='ocrx_word' id='word_1_227' title='bbox 328 2567 501 2602; x_wconf 82' lang='lat' dir='ltr'>Aeschin.</span> <span class='ocrx_word' id='word_1_228' title='bbox 528 2568 554 2603; x_wconf 92' lang='grc'>1.</span> <span class='ocrx_word' id='word_1_229' title='bbox 581 2569 607 2603; x_wconf 90' lang='lat'>1.</span> 
     </span>
    </p>
   </div>
   <div class='ocr_carea' id='block_1_5' title="bbox 124 2636 523 2684">
    <p class='ocr_par' dir='ltr' id='par_1_5' title="bbox 124 2636 523 2684">
     <span class='ocr_line' id='line_1_36' title="bbox 124 2636 523 2684; baseline 0.008 -15"><span class='ocrx_word' id='word_1_230' title='bbox 124 2636 160 2680; x_wconf 79' lang='lat'>4)</span> <span class='ocrx_word' id='word_1_231' title='bbox 188 2636 320 2672; x_wconf 77' lang='lat' dir='ltr'>Pollux</span> <span class='ocrx_word' id='word_1_232' title='bbox 344 2637 448 2672; x_wconf 86' lang='lat' dir='ltr'>VIII.</span> <span class='ocrx_word' id='word_1_233' title='bbox 469 2649 523 2684; x_wconf 84' lang='lat'>95.</span> 
     </span>
    </p>
   </div>
  </div>
 </body>
</html>
