1706 3058
262 144 318 187 64

265 250 407 308 igitur
437 247 623 304 Sc'ythae
657 262 759 291 cum
791 247 897 289 fune
926 247 1167 300 rubricato,
1193 253 1360 312 ’σχοινίῳ
1391 261 1582 310 acutam.

264 326 389 380 μένῳ,
430 321 716 363 circumirent
755 331 1039 375 congregatae
1080 321 1382 365 multitudinis
1413 328 1580 382 globos,

264 404 307 435 et
338 393 384 434 in
418 391 651 434 comitium
682 391 1009 446 compellerent.
1070 391 1161 446 Qui
1183 404 1331 433 autem
1364 407 1451 433 non
1484 408 1582 448 pro-

264 465 496 513 cederent,
530 472 572 502 et
603 460 770 514 minio,
801 474 889 516 quo
921 459 1035 508 illiti,
1059 474 1182 504 erant
1211 463 1285 504 isti
1316 464 1458 515 funes,
1490 463 1582 506 tin-

265 544 484 590 gerentur,
516 532 571 574 iis
602 534 768 574 mulcta
801 535 1011 589 quaedam
1045 532 1254 590 imposita
1294 545 1405 581 erat,
1449 532 1583 589 quain

263 604 493 659 exigebant
537 603 778 648 Lexiarchi.
834 606 895 646 Ac
924 619 980 646 ne
1010 604 1122 654 alio,
1162 620 1294 660 quam
1326 619 1414 660 quo
1447 606 1582 645 debe-
1606 660 1616 665 ἢ

263 677 393 722 bant,
436 674 760 723 dilaberentur,
800 686 945 730 septae
987 688 1111 716 erant
1152 675 1369 725 cratibus,
1407 677 1579 731 γέῤῥοις,

263 756 308 786 et
332 746 530 786 occlusae
552 759 705 786 omnes
728 745 851 793 viae,
885 760 998 801 quae
1017 760 1110 786 non
1128 747 1349 786 ducebant
1368 745 1414 785 in
1437 745 1580 787 comi-

261 816 393 858 tium.
451 815 591 858 Funis
624 815 747 858 illius
778 816 949 857 mentio
976 827 1156 858 estnon
1180 817 1315 857 semel
1346 818 1464 872 apud
1491 815 1580 860 Ari-

261 891 548 945 stophanem:
590 898 641 929 ut
672 886 721 927 in
751 886 1128 935 Acharnensibus,
1163 903 1203 930 ν.
1234 900 1300 928 22.

539 963 580 1002 οἵ
607 958 642 1001 δ’
672 961 714 1001 έν
744 957 878 1015 ἀγορᾷ
907 964 1085 1010 λαλοῦσι,
1118 959 1230 1001 κᾶνω
1259 960 1328 1000 καὶ
1357 958 1466 1001 κάτω

478 1030 523 1073 τό
555 1033 731 1086 σχοινίον
761 1027 960 1083 φεύγουσι
997 1028 1042 1072 τὸ
1073 1031 1380 1084 μεμιλτωμένον.

265 1113 309 1144 et
338 1099 386 1142 in
418 1096 759 1146 Ecclesiazusis,
790 1112 834 1138 v,
869 1096 964 1152 578.

535 1170 605 1210 καὶ
634 1170 734 1220 δῆτα
763 1164 892 1208 πολῦν
920 1163 948 1219 ἡ
978 1169 1135 1219 μίλτος,
1168 1161 1202 1208 ni
1236 1170 1320 1209 Ζεῦ
1348 1168 1522 1220 φίλτατε,

478 1242 604 1297 γέλων
632 1239 852 1293 παρέσχεν,
881 1235 934 1289 ἤν
962 1240 1259 1292 προσέρῤαινον
1290 1237 1437 1296 κύκλῳ.

252 1312 466 1358 'cratibus
509 1320 656 1351 autem
694 1306 829 1349 etiam
871 1305 963 1362 ipse
993 1307 1066 1348 ille
1095 1308 1244 1362 locus,
1284 1306 1364 1348 ubi
1395 1305 1580 1350 comitia

260 1395 396 1431 erant,
428 1391 575 1433 septus
607 1393 698 1421 esse
727 1377 906 1420 videtur
935 1376 1066 1418 simul
1097 1392 1147 1419 ac
1177 1392 1279 1419 cum
1309 1380 1479 1433 populo
1509 1377 1578 1434 agi

260 1466 470 1512 coeptum
502 1464 590 1501 est,
621 1463 672 1492 ut
701 1448 1038 1506 prohiberentur
1059 1449 1204 1504 aditu,
1237 1447 1398 1505 quibus
1428 1449 1580 1490 suffra-

261 1527 325 1584 gii
355 1531 423 1579 jus
453 1538 546 1565 non
578 1532 691 1566 erat;
733 1531 862 1576 atque
902 1518 963 1559 ita
994 1519 1282 1575 explicandus
1314 1530 1381 1559 est
1409 1522 1580 1561 Demo-

258 1596 430 1640 sthenis
460 1597 600 1639 locus,
632 1590 682 1633 in
713 1590 910 1633 oratione
939 1592 1148 1631 adversus
1179 1592 1390 1631 Neaeram
1419 1589 1580 1647 (1575)=

259 1669 356 1718 τοῦς
386 1668 428 1710 δὲ
456 1663 675 1720 πρυτάνεις
703 1661 859 1704 κελεύει
886 1663 1043 1704 τιθέναι
1071 1661 1167 1710 τοὺς
1195 1665 1416 1710 καδίσκους
1456 1659 1479 1704 ὅ
1510 1660 1580 1705 νό-

260 1758 357 1796 μος,
400 1739 469 1780 καὶ
496 1735 569 1789 τὴν
597 1738 747 1787 ψῆφον
777 1732 934 1775 διδόναι
961 1731 1172 1786 προσιόντι
1208 1737 1265 1789 τῷ
1304 1732 1440 1789 δήμῳ,
1479 1735 1577 1789 πρὶν

256 1811 353 1860 τούς
385 1811 523 1860 ξένους
553 1807 737 1852 εἰσιέναι,
779 1805 846 1846 καὶ
877 1802 925 1846 τὰ
953 1805 1074 1860 γέῤῥα
1101 1801 1294 1857 ἀναιρεῖν.
1331 1801 1362 1843 i.
1405 1817 1442 1844 e.
1474 1814 1577 1844 ante

258 1895 406 1938 quam,
420 1876 560 1919 finitis
575 1873 850 1918 orationibus
861 1872 1306 1925 etdisceptationibus
1317 1871 1576 1930 ἆπορᾆτοις,

255 1945 709 1999 cratibussummotis‚
739 1946 868 1988 etiam
883 1942 1127 2001 peregrinis
1149 1943 1294 1984 aditus
1318 1945 1506 1995 daretur,
1537 1942 1576 1987 si

257 2023 333 2080 qui
355 2031 511 2069 essent,
546 2017 622 2076 qui
640 2032 743 2059 cum
761 2017 929 2072 populo
951 2029 1076 2071 agere
1089 2016 1253 2057 vellent
1267 2017 1351 2068 ²⁵).

304 2125 361 2168 25)
388 2121 462 2156 Sed
485 2122 530 2155 ab
554 2120 612 2153 his
635 2118 775 2165 γέῤῥοις
797 2116 943 2150 diversa
965 2122 1051 2149 sunt
1074 2116 1151 2158 illa,
1179 2127 1274 2162 quae
1292 2116 1390 2162 apud
1411 2116 1574 2153 eundern

255 2183 557 2221 Demosthenem
575 2181 613 2214 in
633 2190 686 2213 or.
707 2178 752 2212 de
771 2179 907 2212 Coron.
929 2177 1064 2222 p.1284.
1083 2173 1217 2220 ἕσπερα
1233 2170 1449 2223 μὲνγιὶρῆν·
1471 2171 1577 2221 ἦιὲιῗ

255 2244 436 2294 ἀγγέλλων
446 2247 500 2278 τὶς
510 2239 557 2279 uie
568 2239 650 2276 τοῦς
659 2236 862 2286 πρυτάνεις,
880 2236 926 2272 οἷς
941 2234 1112 2273 Ἐλοῖτεια
1123 2237 1365 2280 κατείληπται
1377 2247 1384 2254 ·
1410 2241 1470 2271 καὶ
1479 2234 1574 2280 μησὶ

253 2305 371 2344 ταῦτα
397 2302 436 2342 οἱ
457 2304 522 2349 μὲν
547 2299 653 2337 εὗθῦς
677 2295 935 2341 ἐξαναστάντες
959 2296 1093 2343 μεταξύ
1120 2295 1355 2337 δειπνοῦντες,
1378 2293 1461 2330 τούς
1483 2291 1515 2330 τ’
1530 2293 1571 2330 ἔκ

253 2365 330 2404 τῶν
340 2364 479 2409 σκηνῶν
490 2361 564 2397 τῶν
573 2359 666 2395 nard
677 2359 743 2403 τήν
753 2356 891 2406 α’γορσὶν
902 2357 1060 2403 ἐξεῖργον
1081 2362 1142 2392 καὶ
1161 2356 1207 2392 'cci
1223 2355 1333 2402 γε’(ἷρα
1345 2352 1571 2399 ἐνεπίμπρα·

254 2441 322 2463 σαν
338 2438 368 2461 κ.
383 2437 415 2458 τ.
425 2423 457 2458 λ.
485 2422 543 2456 Ibi
553 2421 654 2455 enirn
667 2431 751 2453 cum
761 2417 1068 2462 Harpocratione,
1082 2429 1109 2451 s.
1120 2430 1152 2451 v.
1165 2427 1277 2462 quem
1288 2415 1417 2449 Suidas
1437 2414 1573 2449 exscri-

253 2487 342 2533 psit,
366 2482 616 2527 intelligenda
635 2487 733 2522 sunt,
751 2477 798 2514 τοὶ
819 2477 894 2513 τῶν
912 2477 1050 2521 σκηνῶν
1065 2475 1303 2521 σκεπάσματα
1326 2479 1388 2510 καὶ
1404 2486 1568 2520 napum.

254 2543 439 2592 λῦμματα,
459 2554 554 2589 quae
573 2542 872 2576 incendebantur
892 2548 958 2582 per
977 2538 1179 2571 tumultum
1193 2561 1202 2579 ,
1223 2542 1262 2568 ut
1279 2540 1438 2570 vacuum
1455 2535 1568 2570 fieret

252 2607 392 2640 forum.
418 2604 531 2637 Plura
550 2602 597 2636 de
613 2602 715 2635 illius
731 2599 903 2634 vocabuli
928 2598 1203 2644 significatione
1216 2595 1285 2629 vid.
1308 2607 1365 2640 ap.
1385 2594 1563 2639 stephan.

253 2665 420 2713 Append.
433 2664 545 2700 Thes.
559 2663 631 2698 col.
643 2662 721 2708 676.
735 2668 772 2696 ot
789 2661 940 2707 Taylor,
962 2660 1007 2695 ad
1025 2661 1134 2695 Dem.
1146 2668 1199 2692 or.
1218 2657 1259 2690 'in
1269 2657 1450 2701 Nenenp.
1464 2663 1561 2703 1375.
