1706 3058
1339 105 1417 154 1-{35

91 226 205 262 tem,
237 213 292 253 ad
323 225 432 268 quos
464 209 703 254 Salmasius
736 223 1072 268 provocaverat,
1105 222 1149 253 et
1178 211 1225 253 in
1259 211 1423 268 quibus

91 285 275 342 aliquod
314 285 469 325 saltem
513 282 716 338 quamvis
756 283 986 327 infirmum
1027 283 1148 326 illius
1190 282 1421 339 opinionis

36 364 41 369 ‘
90 355 366 415 praesidium
403 352 602 410 positum
641 368 735 395 esse
764 354 1020 403 videbatur,
1059 357 1190 411 plane
1219 365 1426 398 contem—

92 439 221 471 neret
250 441 300 467 ac
330 423 621 478 rejiceret.³⁸).
681 427 733 467 In
765 440 852 481 quo
884 441 1060 475 vereor,
1104 441 1186 474 ne,
1219 425 1423 468 Salmasii

92 498 318 542 refutandi
357 495 508 541 studio
550 494 738 537 ulterius
779 512 910 553 quam
940 513 1017 553 par
1049 509 1166 545 erat,
1206 512 1252 538 se
1282 496 1426 553 abripi

92 584 245 627 passus
277 568 350 611 sit.
410 570 526 610 Nam
557 568 677 623 quod
708 568 965 624 contendit,
1004 571 1168 625 ἄγραφα
1200 568 1429 623 ἀδικήματα

90 657 187 687 non
212 655 304 683 esse
335 638 548 694 inscripta
570 637 645 678 illa
675 648 809 693 atque
840 639 1189 681 extraordinaria
1221 640 1426 690 crimina3

94 715 172 755 sed
195 723 312 754 certa
344 713 559 768 quaedam
580 719 624 750 et
656 708 838 751 definita
872 721 916 750 et
946 710 1220 753 nominatim
1250 712 1428 769 legibue

95 786 442 841 comprehensa,
492 796 604 837 quae
642 792 792 822 tamen
825 782 990 838 ἄγραφα
1031 782 1150 825 dicta
1181 783 1296 838 sint,
1334 799 1429 826 non

94 858 217 913 quod
250 855 364 897 nihil
398 856 452 895 de
484 852 541 894 iis
571 851 844 894 nominatim
887 864 930 893 et
973 852 1239 910 singulatim
1279 855 1327 897 in
1358 859 1429 899 le..-

94 928 224 986 gibus
263 926 566 985 perscriptum
607 935 742 972 esset,
784 925 862 965 sed
893 924 1137 981 quoniam,
1178 941 1282 970 cum
1314 943 1428 984 poe-

94 1014 199 1040 nam
229 1001 441 1040 haberent
471 996 644 1053 legibus
678 994 936 1043 definitam,
978 1011 1124 1057 neque
1159 1000 1429 1042 accusatoris

95 1069 402 1113 aestimationi
434 1071 564 1111 locus
601 1078 735 1115 esset,
767 1067 883 1108 actio
915 1067 1006 1117 illa,
1040 1083 1151 1123 quae
1181 1070 1321 1126 γραφή
1356 1072 1430 1114 di..

96 1144 295 1190 cebatur‚
328 1142 382 1183 de
413 1139 470 1182 iis
491 1137 668 1180 institui
689 1151 782 1180 non
805 1149 967 1193 posset,
1001 1153 1106 1182 cum
1135 1142 1275 1202 γραφή
1307 1145 1432 1186 nulla

98 1224 210 1263 esset
242 1211 338 1253 sine
369 1226 537 1268 poenae
567 1208 904 1252 aestimatione:
936 1210 1136 1267 primum
1157 1212 1206 1252 id
1235 1223 1331 1255 tum
1358 1217 1431 1257 de-

94 1300 220 1326 mum
252 1294 366 1326 esset
404 1279 599 1338 aliquid,
641 1279 680 1321 si
720 1293 894 1325 certum
934 1295 1069 1334 esset,
1111 1284 1225 1326 illud
1267 1291 1433 1330 nomen

97 1356 146 1398 in
176 1356 276 1413 ipso
310 1356 407 1396 foro
439 1351 592 1397 Attico
623 1350 840 1394 usitatum
872 1353 1035 1404 fuisse,
1077 1370 1169 1397 non
1201 1358 1348 1399 solum
1380 1358 1432 1406 in

96 1429 262 1475 schola,
287 1436 331 1467 et
352 1439 375 1465 a
401 1423 740 1466 Jurisconsuhis
761 1422 998 1468 inventum
1022 1442 1130 1476 esse,
1152 1443 1244 1469 non
1268 1445 1291 1469 a
1311 1434 1434 1473 Rhe4

63 1507 66 1512 ·
100 1498 291 1543 toribus,
353 1493 528 1552 Quodsi
568 1493 617 1535 id
657 1510 752 1536 non
790 1494 851 1536 ita
897 1507 979 1546 est,
1022 1496 1141 1554 (quis
1182 1510 1329 1542 autem
1369 1502 1434 1547 ita

100 1584 193 1611 esse
223 1566 466 1610 adseruerit
479 1567 519 1618 (Ζ)
551 1565 669 1607 nihil
703 1581 860 1608 causae
891 1577 980 1617 est,
1013 1583 1091 1609 cur
1116 1571 1433 1617 Grammaticis

101 1641 236 1682 fidem
266 1639 512 1681 habendam
545 1651 638 1677 esse
670 1653 885 1693 negemus
914 1638 961 1679 in
994 1639 1067 1689 iis,
1099 1656 1213 1696 quae
1245 1645 1300 1685 de
1318 1648 1432 1688 Rhe-

101 1723 251 1753 torum
283 1707 623 1751 definitionibus
647 1710 852 1760 tradunt,
885 1712 961 1767 qui
983 1727 1141 1754 eorum
1174 1715 1297 1772 quasi
1327 1732 1436 1773 pro-

99 1781 263 1840 pinqui
293 1792 396 1822 sunt
424 1791 470 1821 et
501 1780 841 1839 consanguinei.
903 1782 964 1832 Hi
1005 1782 1102 1826 sine
1141 1787 1280 1830 dubio
1311 1793 1436 1836 nulla

103 1842 379 1911 alia-379aoeoc
408 1851 636 1906 ἀδικήματα
666 1865 849 1904 norant,
891 1870 1024 1914 quam
1064 1871 1132 1912 ea,
1174 1859 1228 1901 de
1270 1860 1433 1924 quibu?

102 1923 393 1968 Grammatici
418 1926 680 1981 loquuntur.

186 2011 332 2064 Dein,
364 2009 538 2052 etiamsi
568 2015 907 2056 concedendum
939 2028 1065 2065 esset,
1100 2033 1217 2070 eum,
1249 2021 1329 2076 qui
1348 2022 1433 2078 pri-

104 2098 204 2125 mus
234 2085 321 2124 hoc
362 2096 531 2123 nomen
570 2082 816 2140 invenerit,
861 2086 973 2128 illud
1011 2088 1162 2144 ipsum
1206 2092 1437 2150 designare

103 2154 319 2203 voluisse,
370 2155 490 2211 quod
527 2153 746 2211 designari
796 2168 925 2213 putet
978 2162 1218 2216 Heraldus,
1276 2178 1438 2208 errasse

107 2241 211 2268 eum
242 2226 574 2271 contenderem.
635 2230 791 2284 Neque
823 2229 943 2271 enim
975 2246 1139 2274 verum
1171 2245 1257 2283 est,
1297 2235 1347 2277 in
1380 2236 1437 2279 iis

108 2296 298 2351 delictis,
330 2312 439 2354 quae
461 2312 540 2354 per
571 2300 819 2356 εἰσαγγελίαν
841 2303 894 2342 ad
919 2305 1132 2346 Senatum
1161 2308 1440 2363 populumve

107 2368 267 2410 deferri
299 2370 522 2418 solebant,
566 2370 729 2426 γραφήν
768 2387 1002 2428 nunquam
1033 2376 1184 2418 locum
1216 2378 1437 2428 habuisse.

111 2432 154 2481 et
194 2440 352 2489 falsum
402 2452 466 2481 est
507 2440 620 2482 illud
667 2443 903 2501 utriusque
953 2447 1139 2493 actionis
1190 2450 1443 2504 discrimen,

110 2512 231 2567 quod
261 2513 314 2553 ab
346 2513 535 2554 Heraldo
566 2514 849 2569 proponitur.
910 2518 1034 2575 Quid
1064 2519 1222 2564 enim?
1281 2522 1443 2565 Prodi—

157 2637 216 2682 33)
242 2637 396 2673 Hei-ald.
417 2638 610 2674 Animadv.
623 2639 662 2682 in
673 2639 897 2679 salmasium
908 2645 990 2681 Lib.
1007 2647 1077 2683 ΠΙ.
1094 2659 1124 2683 c.
1139 2660 1172 2694 7.
1185 2649 1218 2693 ἕ.
1232 2649 1264 2683 6.
1285 2661 1321 2695 p.
1342 2662 1420 2685 222.
