1706 3058
246 150 321 190 126

238 257 321 296 bus
352 262 531 294 cautum
564 261 654 290 erat
683 247 881 304 legibus,
921 259 972 289 ut
1002 262 1058 289 ne
1090 257 1233 302 ratum
1264 257 1376 288 esset
1406 249 1560 289 decre-

236 337 356 370 tum,
389 321 476 363 nisi
511 336 581 361 sex
615 318 756 360 millia
787 317 957 360 civium
977 317 1294 371 scivissent'⁶).
1351 321 1457 360 Erat
1478 332 1561 359 au-

235 408 325 437 tern
358 394 393 434 is
423 405 630 432 numerus
663 404 816 431 eorum
849 389 1047 437 civium,
1081 389 1157 445 qui
1190 387 1386 430 comitiis
1416 387 1560 430 inter-

236 463 328 508 esse
360 465 580 508 solebant,
614 461 756 502 multo
786 465 928 513 major
956 475 1078 517 pars-z
1112 460 1215 501 belli
1246 459 1430 515 quidem
1452 470 1562 502 tem·

235 552 364 594 pore,
408 548 511 575 cum
552 546 732 588 peregre
769 531 1058 573 militandum
1091 541 1224 583 esset,
1264 545 1321 571 ne
1361 529 1563 588 quinque

236 608 415 664 quidem
447 602 586 646 millia
615 616 815 657 unquam
845 603 913 644 vel
955 600 1158 643 maximis
1203 602 1256 642 de
1285 604 1415 644 rebus
1447 615 1562 644 con-

234 674 561 729 veniebant¹⁷);
605 673 681 713 sed
716 673 845 713 etiam
876 672 924 713 in
955 686 1087 728 pace,
1130 685 1233 712 cum
1275 683 1320 713 et
1349 673 1428 729 qui
1458 675 1564 715 lon—

237 749 334 806 gius
365 749 416 787 ab
448 747 555 787 urbe
594 742 865 790 habitarent,
904 753 952 784 -et
990 740 1322 796 locupletiores,
1362 744 1439 800 qui
1481 760 1563 787 ne-

237 835 322 875 que
354 814 647 859 ecclesiastica
679 815 880 856 mercede
910 813 1212 858 allicerentur,
1247 823 1290 853 et
1319 814 1566 856 auctorita-

237 903 326 932 tem
356 903 478 930 suarn
511 897 662 928 contra
694 883 1034 926 multitudinem
1064 898 1221 939 parum
1253 884 1398 925 valere
1429 883 1561 927 intel·

241 961 442 1018 ligerem,
475 957 614 999 rarius
646 955 830 997 comitia
861 955 982 996 adire
1013 956 1227 1003 solerent,
1260 954 1335 996 vix
1365 969 1567 1011 unquam

237 1034 307 1074 vel
340 1027 726 1086 frequentissimae
764 1026 974 1068 ecclesiae
1014 1041 1228 1067 numerus
1273 1037 1373 1067 octo
1405 1036 1482 1067 aut
1510 1025 1564 1066 ad

234 1116 463 1145 summum
496 1100 651 1142 decem
681 1098 819 1140 millia
851 1096 1086 1139 excessisse
1108 1097 1298 1144 videtur,
1332 1111 1435 1138 cum
1465 1095 1565 1137 uni·

235 1188 359 1214 versa
391 1170 550 1214 civitas
590 1169 753 1227 viginti
793 1169 969 1212 circiter
1007 1167 1180 1210 civium
1219 1166 1418 1210 millibus
1458 1181 1566 1209 cen-

236 1241 472 1299 seretur³⁸).

321 1319 465 1371 Ipsam
496 1314 769 1354 calculorum
795 1311 1080 1354 ferendorum
1099 1311 1319 1353 rationem
1351 1311 1467 1366 apud
1491 1323 1566 1352 ne·

235 1386 405 1429 minem
445 1400 468 1426 e
501 1383 725 1425 veteribus
766 1381 1057 1438 scriptoribus
1099 1382 1342 1438 expositam
1383 1381 1566 1423 inveni-

236 1473 351 1501 mus.
410 1457 538 1512 Apud
567 1456 905 1509 Xenophontem
924 1452 1109 1508 quidem
1138 1453 1375 1505 injudicio
1409 1454 1564 1494 decem

235 1539 519 1585 praetorum,
563 1525 641 1583 qui
672 1535 852 1581 propter
883 1522 1090 1564 omissam
1122 1522 1317 1564 militum
1349 1523 1396 1564 in
1426 1538 1565 1579 proe-

236 1601 299 1642 lio
339 1601 394 1641 ad
423 1597 664 1655 Argiuusas
701 1595 866 1636 insulas
904 1593 1155 1636 occisorum
1194 1596 1468 1650 sepulturam
1499 1594 1564 1638 rei

283 1740 343 1784 36)
369 1738 540 1772 Absurda
573 1743 629 1772 est
652 1736 764 1770 Petiti
798 1735 986 1770 sententia
1016 1735 1133 1780 Legg.
1167 1735 1242 1768 Att.
1270 1735 1319 1768 II.
1350 1747 1380 1769 1.
1406 1747 1440 1781 p.
1473 1741 1565 1779 188.,

234 1800 301 1846 qui
325 1800 379 1833 ita
402 1799 468 1832 has
494 1799 599 1842 leges
624 1797 908 1841 interpretatur,
934 1795 1041 1840 quasi
1065 1807 1128 1829 sex
1146 1795 1266 1828 millia
1290 1807 1402 1841 supra
1429 1797 1566 1833 dec'em

235 1860 358 1894 millia
381 1859 632 1904 requirantur.
683 1856 858 1897 Scilicet,
885 1867 971 1888 cum
996 1854 1210 1891 universam
1235 1855 1424 1891 civitatem
1447 1857 1563 1892 vicies

235 1921 341 1954 mille
375 1920 516 1954 civibus
550 1924 723 1952 constare
756 1916 889 1958 sciret,
933 1915 971 1948 in
1004 1916 1170 1951 serendis
1203 1923 1328 1950 autem
1361 1917 1562 1962 suffragiis,

236 1981 336 2026 quod
361 1981 481 2022 major
514 1991 598 2024 pars
624 1977 813 2021 jussisset,
845 1982 968 2009 ratum
994 1985 1096 2017 esse,
1134 1985 1295 2020 cumque
1321 1986 1448 2011 omnes
1475 1976 1563 2011 illos

239 2041 354 2075 vicies
379 2040 488 2075 mille
514 2038 613 2073 cives
639 2039 678 2071 in
704 2037 864 2071 comitiis
890 2047 1040 2080 semper
1064 2035 1226 2069 adfuisse
1250 2040 1424 2080 putaret,
1449 2047 1564 2082 expe-

236 2101 317 2135 dire
352 2112 433 2134 rem
466 2101 579 2135 aliter
611 2111 688 2133 non
721 2097 854 2144 potuit.
913 2096 987 2131 Sed
1021 2096 1112 2130 haec
1145 2095 1299 2140 indigna
1321 2102 1428 2140 sunt,
1466 2107 1564 2142 quae

235 2162 332 2195 serio
368 2161 605 2195 refellantur.
649 2159 698 2193 cf.
735 2157 876 2192 Bbckh.
915 2156 1221 2191 Staatshaushalt.
1266 2155 1301 2190 d.
1336 2152 1421 2191 Ath.
1458 2158 1488 2191 1.
1522 2169 1559 2203 p.

236 2235 313 2268 249.
342 2223 404 2268 qui
439 2222 537 2256 illud
563 2231 713 2267 quoque
743 2221 825 2263 jure
850 2217 990 2253 notavit
1014 2218 1053 2251 in
1079 2218 1226 2259 Petito,
1263 2215 1363 2261 quod
1396 2216 1428 2250 ie
1451 2216 1562 2252 illum

235 2284 501 2328 suffragiorum
534 2293 736 2316 numerum
768 2280 809 2315 in
841 2279 1011 2314 omnibus
1052 2275 1318 2323 Psephismatis
1358 2276 1561 2311 sciscendis

234 2344 491 2378 necessarium
513 2343 632 2377 fuisse
664 2348 788 2387 putat,
824 2343 893 2376 111.
923 2353 953 2374 1.
979 2352 1014 2385 p.
1041 2344 1118 2378 288.

283 2414 342 2459 37)
368 2412 537 2457 Thucyd.
564 2413 670 2445 VIII.
695 2424 751 2458 72.
781 2409 821 2446 ου’
843 2409 997 2445 πώποτε
1021 2406 1256 2451 Ἀθηναίους,
1282 2401 1340 2439 ὃιοὶ
1369 2401 1433 2440 τοῖς
1456 2417 1563 2450 croa-

239 2477 336 2510 τείας
360 2478 421 2509 καὶ
445 2473 514 2518 τήν
537 2470 732 2520 ὑπερόριον
756 2470 950 2514 οἷσκολᾶαν,
985 2468 1019 2506 ἐς
1044 2466 1149 2504 οὐδὲν
1172 2465 1325 2511 πρᾶγμα
1349 2461 1443 2500 οἴτω
1465 2467 1562 2519 μ’έγα

238 2535 364 2572 ἐλθεῖν
387 2533 671 2580 βουλεύσοντας,
694 2533 732 2568 ἐν
759 2527 786 2576 ᾧ
808 2528 1117 2572 πεντακισχιλίους
1140 2525 1340 2568 ξυνελθεῖν.

285 2605 345 2647 58)
372 2604 419 2637 cf.
447 2602 654 2643 Baeekhius,
690 2601 714 2634 l.
744 2601 767 2634 l.
803 2611 841 2645 p.
869 2603 946 2644 248.
982 2603 1086 2644 et‚35
1111 2614 1155 2620 —
1179 2599 1234 2638 58.
1271 2599 1309 2628 et
1336 2591 1486 2638 Biagius
1513 2591 1559 2626 de

238 2666 391 2699 Decret.
414 2664 546 2698 Athen.
573 2676 604 2698 c.
630 2662 779 2706 x1x.§.
803 2673 853 2695 12.

1676 2981 1684 2986 ..
1666 2907 1695 2960 ’,ἐς
1654 2847 1703 2892 w?
