1706 3058
1403 114 1465 174 872

129 241 231 271 rum
268 223 405 275 ratio,
445 237 613 284 neque,
652 231 807 266 utrum
847 236 1004 274 eorum
1033 235 1172 280 genus
1203 220 1464 280 intelligenq

128 299 237 340 dum
281 296 366 347 sit,
419 294 718 354 deprehendi,
770 294 862 338 nisi
901 294 1096 353 aliquam
1141 308 1295 337 eorum
1333 293 1460 337 noti..

125 367 238 412 tiam
277 369 458 411 aliunde
495 370 698 409 haustam
738 367 955 422 afferasss).
1015 369 1158 425 Atque
1195 365 1307 408 illud
1351 381 1458 423 quo·

125 455 214 499 que
259 442 491 483 fatendum
531 451 618 489 est,
672 438 996 483 Grammaticos
1039 440 1299 498 plerosque,
1349 453 1456 483 cum

122 514 342 556 Proedros
382 522 764 561 commemorent,
803 525 970 553 novem
1010 510 1108 554 illos
1140 508 1459 568 non-contri-

121 584 250 627 hules
283 583 539 640 designare,
574 596 738 638 eosque
764 583 1033 636 Prytanibus
1064 598 1314 640 opponere,
1346 593 1390 623 et
1405 594 1456 623 ea

122 656 179 697 de
207 654 393 698 illorum
423 653 584 697 officiis
616 655 808 708 tradere,
848 669 961 712 quae
992 655 1128 698 errori
1170 669 1304 712 quam
1332 650 1456 701 veri-2

123 725 206 770 tati
235 726 446 783 propiora
475 724 727 770 videantur.
788 728 843 768 At
864 726 988 769 enim
1007 741 1098 768 non
1122 725 1199 768 isti
1220 723 1352 767 nobis
1372 720 1452 764 tali

119 795 168 838 in
192 811 238 839 re
273 795 492 854 sequendi
531 806 659 848 sunt,
705 798 825 840 caeci
866 801 1131 857 plerumque
1172 799 1327 845 duces,
1373 794 1452 836 sed

119 867 209 925 ipsi
250 868 317 910 illi
355 880 524 910 veteres
565 870 854 920 consulendi,
915 869 991 927 qui
1036 869 1235 911 florentis
1279 866 1450 923 Atticae

117 939 392 996 reipublicae
412 940 694 996 temporibus
722 941 948 990 vixerunt,
986 952 1043 988 et,
1078 955 1190 996 quae
1212 939 1301 997 ipsi
1325 938 1449 979 vide-

116 1014 249 1060 bant,
275 1012 434 1068 quibus
458 1010 715 1060 intererant,
748 1026 797 1053 ea
818 1011 1171 1069 perscripserunt
1189 1007 1452 1052 memoriae-

116 1098 204 1140 que
227 1081 518 1123 tradiderunt.
577 1084 738 1139 Neque
763 1098 883 1124 unus
905 1094 981 1125 aut
1001 1085 1111 1125 alter
1139 1097 1294 1125 eorum
1323 1084 1455 1124 locus.

114 1154 247 1196 nobis
266 1153 470 1196 sufficere
500 1152 646 1194 videri
669 1155 799 1196 debet
820 1156 876 1196 ad
896 1156 1255 1212 cognoscendam
1280 1150 1454 1202 veritass

116 1237 233 1275 tem,
264 1227 364 1275 sed,
403 1240 702 1281 quaecunque
722 1226 774 1266 ab
799 1225 855 1267 iis
880 1225 1120 1276 dicuntur,
1166 1239 1279 1282 quae
1300 1222 1453 1280 aliquo

108 1290 249 1340 <inodo
284 1298 338 1338 ad
364 1311 483 1346 eam,
519 1312 652 1354 quam
686 1311 895 1352 quaeras,
933 1313 1029 1339 rem
1060 1284 1288 1354 pertinere
1317 1307 1453 1351 posse

114 1369 374 1417 videantur,
410 1384 459 1410 ea
481 1367 636 1410 omnia
669 1367 907 1422 diligenter
934 1370 1250 1427 perpendenda
1271 1376 1377 1411 sunt
1407 1374 1454 1406 et

115 1440 236 1483 inter
261 1455 310 1482 se
331 1441 603 1481 conferenda
621 1472 634 1493 ,
663 1451 796 1496 atque
817 1440 901 1490 ita,
931 1440 1168 1483 subductis
1200 1437 1328 1497 quasi
1362 1433 1455 1478 cal*-

116 1511 251 1564 culis,
285 1509 396 1567 quid
426 1510 672 1558 efficiatur,
715 1513 1022 1555 statuendum.
1080 1515 1175 1554 Hac
1204 1509 1331 1551 enim
1359 1521 1452 1549 una

114 1582 188 1625 via
211 1583 265 1624 ad
287 1581 499 1636 anquam,
534 1579 681 1622 sinon
701 1583 902 1636 plenam,
943 1593 987 1622 at
1017 1593 1184 1623 certam
1219 1593 1263 1622 et
1296 1593 1452 1633 xeram

112 1652 393 1711 antiquitatis
418 1652 726 1709 cognitionem
740 1651 968 1707 perveniri
989 1662 1146 1707 potest.
1178 1655 1289 1693 Eam
1310 1665 1340 1689 τ.
1343 1648 1450 1697 iam,

114 1729 196 1769 hac
217 1719 435 1782 quidem
421 1739 471 1766 in
492 1733 638 1780 parte,
675 1736 810 1765 nemo
832 1737 883 1764 ex
904 1720 960 1763 iis
983 1721 1210 1778 ingressus
1243 1731 1329 1769 est,
1370 1718 1450 1778 qui

161 1853 197 1896 8)
228 1853 322 1886 Sunt
338 1851 386 1884 hi
401 1849 496 1884 loci:
517 1849 715 1883 Demosth.
737 1847 818 1883 adv.
839 1848 996 1883 Androt.
1016 1861 1052 1894 p.
1077 1850 1162 1895 596.
1193 1850 1239 1884 R.
1270 1862 1306 1884 οι
1331 1858 1449 1891 προε-

115 1911 302 1960 δρεύοντες
323 1912 387 1957 τῆς
409 1909 556 1957 βουλῆς,
581 1913 644 1946 καὶ
669 1907 690 1945 o‘
712 1906 816 1944 ταῦτ’
840 1909 1074 1955 ἐπιψηφίζων
1097 1903 1323 1951 Ἐπιστᾶτης
1347 1902 1449 1950 ἥρω’·-

113 1989 189 2011 ‘tow
219 1978 280 2010 καὶ
316 1971 611 2016 διαχειροτονίαν
644 1967 823 2006 ἐδίδοσαν.
882 1971 1056 2005 Aeschina
1094 1971 1175 2005 adv.
1208 1966 1377 2011 ctesiph.
1407 1973 1447 2010 Ρ.

99 2045 195 2078 ⁴4¹50.
222 2034 268 2068 R.
287 2030 371 2068 τοίς
395 2031 433 2068 δὲ
457 2027 662 2079 Πρυτάνεις
685 2032 808 2068 ποιεῖν
831 2030 1035 2077 ἐκκλησίαν,
1060 2052 1106 2071 -,-
1124 2050 1169 2057 -
1192 2029 1259 2065 τόν
1288 2025 1318 2064 δ’
1341 2025 1448 2063 ’.Επι-

119 2091 260 2139 στοίτην
277 2092 351 2128 τῶν
370 2090 571 2138 Προέὸρων
585 2090 877 2140 διαχειροτονίαν
901 2090 1045 2128 διδόναι
1069 2091 1122 2137 τῷ
1145 2089 1258 2137 δήμῳ.
1309 2088 1446 2125 Aesoh.

118 2153 166 2188 de
182 2153 265 2188 fals.
283 2153 357 2198 leg.
379 2164 415 2197 p.
442 2162 520 2198 259.
540 2152 710 2198 ἐκκλησία
733 2157 913 2202 γίγνεται,
939 2151 978 2190 ἒν
1009 2148 1034 2201 ᾗ
1052 2153 1294 2198 Δημοσθένης
1316 2145 1450 2194 λαγκῦῖ·

117 2229 172 2252 νει
194 2211 440 2261 προεδρεύειν.
477 2215 675 2249 Demosth.
694 2215 776 2249 adv.
794 2215 960 2249 Timocr.
979 2226 1015 2260 p.
1035 2213 1114 2260 706.
1136 2211 1219 2248 τοίς
1238 2207 1450 2258 Προὲὃρουδ

119 2275 157 2312 οἵ
188 2275 235 2312 ἄν
266 2271 469 2322 τυγχάνωσι
500 2271 784 2321 προεδρεύοντες
814 2274 855 2311 ἐν
877 2273 994 2323 ταύτῃ
1018 2274 1066 2322 τῇ
1088 2273 1270 2319 ἕῃκλησίᾳ.
1319 2271 1378 2305 Cf.
1407 2269 1450 2302 in

117 2335 216 2371 Mid.
245 2347 282 2380 p.
311 2346 390 2382 517.
419 2335 552 2371 Aesch.
583 2335 667 2377 adv..
695 2336 885 2374 Timarch.
915 2348 950 2383 p.
979 2340 1036 2380 48.
1065 2334 1213 2379 Ulpian.
1253 2333 1300 2367 ad
1330 2343 1384 2365 or.
1406 2329 1447 2361 in

120 2396 216 2431 Mid.
238 2408 273 2441 p.
293 2406 371 2440 445·
391 2407 448 2441 31.
485 2398 627 2432 Benen.
657 2417 704 2425 -
750 2399 932 2433 Ceterum
960 2397 1129 2432 diversus
1158 2402 1215 2430 est
1239 2404 1348 2430 error
1375 2392 1448 2425 Po·

121 2457 225 2492 stelli
242 2457 307 2502 qui
325 2456 363 2490 in
379 2457 512 2492 libello
531 2458 577 2492 de
589 2458 754 2503 'Re-publ.
774 2460 909 2494 Athen.
931 2472 962 2493 c.
984 2472 1018 2506 ?·
1044 2459 1181 2503 (Gron.
1203 2457 1315 2490 Thes.
1336 2455 1446 2487 Tom-

121 2517 165 2550 V.
190 2517 260 2551 col.
283 2518 385 2562 1325)
413 2525 609 2553 auctorem
627 2521 840 2564 argumenti
868 2519 1025 2555 secundi
1055 2519 1234 2554 orationis
1262 2517 1344 2551 adv.
1373 2515 1450 2548 An-

121 2578 218 2617 drot.
247 2589 367 2614 unum
385 2578 577 2627 sequitur,
605 2585 646 2616 et
662 2580 748 2619 illos
777 2581 962 2618 Proedros
983 2577 1317 2620 non-contribules
1343 2583 1449 2620 prot*

121 2651 182 2676 sus
204 2639 352 2675 omittit.
