1706 3058
1397 143 1449 196 55

113 248 284 300 Pnyce‚
316 245 418 288 alias
451 244 500 286 in
535 246 732 289 Theatro
763 256 1078 301 congregatum
1109 246 1277 303 esse⁴)‚
1311 247 1357 289 id
1390 251 1445 290 ad

115 332 226 365 eam,
252 318 306 359 de
328 330 412 372 qua
435 329 516 356 nos
538 314 724 370 agimus,
747 326 932 356 aetatem
959 331 1049 357 non
1071 319 1279 373 pertinet.
1319 322 1444 363 Bello

115 388 240 430 enim
254 386 631 443 Peloponnesiaco
650 388 841 439 Pnycem
861 388 1137 429 ordinarium
1153 390 1444 432 comitiorum

113 461 265 502 locum
283 459 432 507 fuisse,
467 473 490 499 e
511 456 776 510 Thucydide
799 456 1030 499 discimus.
1087 458 1352 516 Ἐκκλησίαν,
1383 462 1448 504 in-

115 530 239 588 quit,
271 533 485 586 συνέλεγον
504 554 558 559 -
575 553 634 560 --
657 533 713 578 εἰς
743 530 817 583 τήν
841 529 990 572 Πνύκα
1009 536 1284 587 καλουμένην,
1317 528 1446 589 οὗπερ

112 605 183 646 καὶ
202 602 340 645 ἄλλοτε
370 601 635 650 clamassem).
696 604 758 641 Ita
781 600 1099 656 Aristophanes
1131 619 1331 660 quoque,
1363 605 1444 646 ubi

111 674 166 720 de
189 671 384 717 comitiis
406 672 617 728 loquitur,
650 686 894 727 numquam
921 688 1013 714 non
1037 676 1232 726 Pnycem
1255 690 1444 717 comme-

109 753 254 786 morat
265 743 328 797 ⁶),
361 755 402 784 et
422 743 469 784 in
493 741 738 799 Equitibus
761 749 907 798 Δῆμον
929 743 1060 788 illum
1081 759 1214 791 suum
1246 747 1307 790 ita
1336 746 1445 792 facit

109 817 395 877 loquentem:

332 881 397 922 οιῗκ
415 883 461 919 (ἵν
480 885 708 930 καθιζοίμην
729 885 768 921 ἐν
796 886 893 931 ἄλλῳ
919 889 1051 932 χωρίῳ,

330 942 430 987 ἀλλ’,
464 944 511 980 οἷς
528 945 572 980 τό
591 943 760 989 πρόσθε,
780 945 850 992 χρή
868 949 1042 991 παρεῖναι
1073 943 1099 982 ’ς
1121 947 1189 993 τήν
1207 946 1347 985 Πνύκα(

106 1009 312 1052 Eundem
341 1004 389 1045 in
414 1007 566 1045 eadem
601 1005 748 1046 fabula
774 1006 914 1047 facete
948 1013 1094 1061 Δῆμον
1125 1013 1336 1064 Πνυκίτην
1356 1024 1443 1051 vo-

106 1083 248 1130 cam),
281 1075 405 1134 quasi
438 1076 664 1131 quendam
697 1076 843 1117 civem
874 1077 1100 1127 Atticum,
1148 1094 1228 1123 suo
1254 1079 1439 1136 proprio

106 1165 150 1195 et
172 1150 351 1208 popuIi,
382 1148 434 1188 ad
463 1161 596 1201 quem
622 1146 899 1202 pertinebat,
937 1150 1124 1192 nomine
1156 1151 1440 1204 appellatum.

104 1220 242 1266 Demi
275 1218 398 1261 enim
422 1232 590 1258 nomen
616 1219 737 1258 haud
767 1217 1041 1262 inusitatum
1073 1220 1258 1262 Athenis
1290 1219 1442 1272 fuisse,

104 1307 240 1336 nemo
262 1289 426 1338 nescit,
459 1287 537 1345 qui
564 1290 636 1329 vel
662 1303 712 1329 ex
736 1290 921 1330 Platone
942 1289 1071 1333 illurn
1095 1290 1361 1347 Pyr-ilampis
1386 1290 1440 1332 fi-

103 1364 218 1406 lium
250 1359 442 1415 nov-its).
501 1362 697 1412 Pnyccm
736 1370 888 1400 autem
915 1364 1137 1417 populum
1174 1363 1243 1403 vel
1272 1377 1439 1417 pagum

101 1447 234 1494 poeta
258 1431 347 1485 joci
379 1442 554 1472 tantum
588 1444 717 1472 causa
748 1430 899 1481 finxit,
931 1444 1166 1488 errantque
1202 1432 1279 1488 qui
1314 1433 1438 1473 illam

64 1556 67 1563 Χ
104 1507 152 1548 in
171 1504 294 1562 pagis
316 1500 472 1544 Atticis
495 1510 750 1551 recensent3
783 1503 906 1555 quod
932 1505 984 1543 ab
1005 1502 1103 1544 aliis
1124 1518 1302 1560 quoque
1322 1507 1437 1555 jam-

103 1579 278 1621 dudum
298 1581 505 1615 notatum
530 1581 606 1610 est.
670 1570 882 1611 Ceterum
903 1574 1026 1613 hunc
1045 1572 1353 1629 Aristophanis
1374 1579 1434 1626 jo-

103 1664 204 1692 cum
229 1644 453 1688 Lucianus
473 1640 674 1681 imitatus
695 1640 823 1681 estin
848 1643 1185 1694 Necyomantia,
1221 1643 1299 1686 uhi
1327 1651 1435 1701 Κρα-

101 1721 201 1761 νίων
223 1715 497 1761 Σκελετίωνος
518 1713 759 1768 Nemaea&
792 1718 928 1766 φυλῆς
957 1711 1432 1769 Ἀλιβαντίῧοςίηᾶαοί-

145 1842 184 1885 4)
209 1838 354 1873 Pollux.
379 1839 484 1872 VIII.
515 1849 650 1882 153·-
673 1838 836 1882 Hesych.
865 1850 892 1872 s.
919 1851 953 1872 v.
981 1837 1095 1882 Πνιῗξ.
1123 1836 1236 1875 τόπος
1258 1836 1434 1886 Ἀθήνῃ-

101 1915 178 1944 σιν,
203 1901 242 1936 {v
266 1894 294 1944 «ᾗ
317 1896 360 1934 αἶ
380 1897 567 1942 ἐκκλησίαι
586 1896 716 1944 ἤγοντο
746 1895 866 1934 πάλαι
892 1900 960 1944 μὲν
978 1899 1117 1942 πᾶσαι,
1144 1904 1220 1934 νυνὶ
1249 1898 1286 1934 δὲ
1315 1899 1433 1942 ἅπαξ,

100 1960 191 1998 ὅταν
208 1957 412 2006 στρατηγόν
429 1957 698 2003 χειροτονοῖσιν.
750 1959 795 1993 Id
816 1959 862 1993 de
879 1959 955 1993 illis
985 1961 1218 2004 temporibus
1247 1961 1434 2005 accipien-

103 2023 193 2057 dum
221 2021 394 2060 videtur,
439 2029 526 2052 cum
570 2030 735 2054 summus
771 2020 1010 2065 magistratus
1025 2046 1034 2062 ‚
1070 2021 1228 2065 strategi
1262 2021 1431 2063 nomine,

100 2079 205 2124 omni
227 2077 460 2123 reipublicae
474 2085 660 2122 praeerat.
688 2093 721 2114 V.
742 2082 887 2118 Meurs.
909 2081 956 2114 de
973 2081 1168 2116 Archontt.
1192 2083 1221 2117 I.
1240 2093 1272 2126 9.
1301 2093 1429 2126 quamv

100 2152 214 2187 quam
233 2140 263 2172 is
283 2138 484 2183 aliquando
503 2151 581 2174 non
600 2152 621 2174 a
637 2142 777 2185 populo
797 2142 1006 2182 creabatur,
1033 2141 1099 2174 sed
1116 2142 1162 2176 ab
1185 2143 1431 2186 Imperatori-

98 2199 168 2233 bus
191 2199 301 2232 Rom.
328 2199 641 2234 constituebatur.
658 2220 704 2227 —-·
749 2202 896 2235 Timaei
912 2207 1039 2236 autem
1060 2202 1197 2246 glossa,
1224 2204 1312 2236 Lex.
1332 2204 1427 2238 Plat.

98 2270 136 2303 p.
169 2271 248 2305 219.
273 2256 400 2302 Πνύξ,
434 2263 570 2305 χωρίον
594 2260 633 2296 ἐν
659 2256 686 2304 ᾧ
711 2260 757 2296 τοὶ
784 2258 978 2306 οἶπόρῥητα
1006 2259 1319 2307 ἐκκλησιάζουσιν,
1355 2274 1428 2309 quo

100 2321 307 2364 pertineat,
333 2327 373 2354 et
394 2321 484 2367 quid
501 2321 576 2355 sint
593 2322 664 2357 ista
686 2319 904 2367 α’πόῤῥητα,
930 2322 1053 2356 fateor
1070 2335 1132 2361 me
1148 2323 1310 2361 nescire.

146 2388 184 2432 5)
210 2389 252 2421 L.
275 2389 381 2423 VIII.
407 2402 438 2424 o.
459 2403 515 2436 97.

148 2456 185 2499 6)
211 2455 371 2492 Acharn.
399 2470 454 2493 20.
483 2459 595 2503 Vesp.
618 2469 674 2503 3¹·
702 2460 848 2495 Eccles.
877 2465 954 2509 283.
981 2461 1059 2506 634.

149 2524 186 2572 7)
214 2524 340 2574 Equit.
366 2536 446 2572 750.
472 2539 528 2571 42.

147 2593 184 2635 8)
220 2592 268 2626 cf.
308 2599 345 2626 et
370 2595 455 2638 Lys.
493 2606 547 2629 or.
575 2595 621 2632 de
647 2596 835 2644 Aristoph.
872 2599 959 2634 bon.
994 2610 1031 2644 p.
1070 2599 1147 2638 628.
1183 2599 1345 2634 Brunck
1382 2600 1428 2635 acl

107 2653 295 2701 Aristoph.
317 2655 428 2700 Vesp.
447 2661 504 2701 98.
