1706 3058
244 150 320 194 123

237 259 321 300 Sed
363 255 565 298 tributim
604 269 775 310 semper
812 256 1003 298 calculos
1027 258 1059 297 'a
1098 257 1264 312 populo
1306 257 1413 297 latos
1445 269 1551 306 eene,

234 328 282 370 id
313 339 356 370 et
394 342 472 384 per
511 341 556 367 se
595 324 690 366 veri
732 336 796 367 est
834 324 1138 375 simillimum,
1192 325 1404 382 quoniam
1442 329 1553 368 haec

235 399 460 456 aliquanto
493 394 669 438 facilior
699 407 788 438 erat
826 396 940 438 ratio
972 407 1014 438 et
1044 398 1232 452 decuplo
1265 396 1466 446 brevior,
1507 409 1551 439 et

235 481 413 528 propter
452 466 714 511 Ostracismi
750 480 918 508 morem
953 468 1190 522 credibile,
1238 482 1370 524 quem
1401 467 1552 510 scribit

234 537 538 595 Aristophanis
559 537 824 580 Scholiastes
844 536 978 580 fuisse
999 541 1143 589 talem,
1173 549 1223 579 ut
1241 551 1361 594 septa
1384 539 1552 588 fierent,

238 614 390 653 decem
421 609 568 652 aditus
601 608 831 659 habentia,
860 624 942 665 per
975 623 1086 664 quoa
1116 608 1322 651 tributim
1353 609 1467 650 cives
1499 620 1556 650 te·

235 684 370 725 stulas
392 681 523 723 laturi
550 680 963 738 ingrederentur⁴¹).
1022 683 1308 735 Rogatorum,
1341 679 1553 720 divibito-

234 770 335 797 rum
379 754 706 806 custodumque
743 766 927 793 munere
970 753 1180 803 Prytanes
1213 764 1313 793 cnm
1346 749 1551 792 Proedris

235 820 692 867 non-contribulibus
722 822 902 862 functos
932 835 1039 871 esse,
1080 819 1158 861 vix
1187 820 1233 862 in
1265 820 1457 862 dubium
1483 834 1557 862 vo-

234 895 323 940 cari
353 908 481 951 posse
520 891 780 944 videtur⁴²).

319 968 530 1009 Ceterum
565 978 655 1004 non
690 962 871 1006 licuisse
909 962 1156 1019 Epistatae‚
1209 965 1263 1006 de
1305 965 1458 1005 eadem
1507 977 1554 1003 re

233 1039 398 1082 iterum
435 1033 614 1076 dicendi
658 1045 919 1089 potestatem
959 1035 1206 1076 oratoribus
1242 1037 1384 1076 facere
1423 1044 1554 1089 atque

232 1111 453 1168 populum
486 1105 650 1146 iterum
685 1105 946 1161 suffragium
975 1104 1093 1146 inire
1116 1108 1292 1159 jubere,
1325 1120 1410 1162 quo
1433 1107 1552 1146 abro-

233 1191 429 1239 garetur,
467 1179 589 1233 quod
628 1177 762 1218 modo
793 1179 1020 1218 decretum
1048 1188 1181 1224 esset,
1224 1188 1341 1218 recte
1373 1175 1554 1217 videtur

230 1251 469 1300 Petitus⁴³)
507 1247 750 1300 conjecisse
779 1263 802 1288 e
846 1247 1002 1290 Niciae
1042 1247 1188 1289 verbis
1221 1248 1336 1304 apud
1369 1248 1555 1298 Thucy-

235 1322 404 1364 didem:
454 1321 537 1361 Καὶ
566 1321 640 1371 σύ,
684 1315 717 1361 oi
758 1320 964 1375 Πρύτανι,
1003 1319 1164 1375 γνώμας
1205 1320 1394 1374 προτίθει
1429 1313 1555 1367 αὖθις

226 1390 486 1445 Ἀθηναίοις,
522 1394 706 1444 νομίσας,
739 1393 775 1432 εἰ
799 1388 994 1444 ὄρῥωδεῖς
1023 1389 1066 1432 τὸ
1095 1388 1373 1443 ἄναψηφίσαι,
1411 1388 1455 1431 τὸ
1483 1389 1554 1443 μὲν

230 1461 342 1505 λύειν
371 1461 469 1511 τούς
495 1459 647 1516 νόμους
684 1460 737 1515 μὴ
767 1459 863 1514 μετὰ
893 1459 1061 1503 τοσῶνδ’
1095 1460 1144 1502 ι’ἕυ
1179 1459 1394 1514 μαρτύρων
1423 1463 1554 1502 αἰτίαν

229 1561 431 1608 perforatis
456 1561 712 1607 integrisque,
739 1560 829 1593 atris
855 1560 1027 1605 albisque
1051 1560 1225 1602 calculis,
1253 1561 1406 1594 conchis
1432 1572 1475 1594 ac
1499 1561 1554 1594 fa-

228 1624 286 1658 bis
312 1623 422 1656 affert
447 1633 468 1656 e
491 1622 647 1656 Polluce
666 1622 774 1676 tvm.
806 1632 856 1666 ¹7⁴
888 1632 940 1665 sq.
968 1626 1006 1653 et
1032 1618 1179 1664 Ulpian.
1207 1620 1254 1654 ad
1280 1621 1347 1655 Or.
1374 1620 1454 1654 adv.
1489 1620 1556 1654 Ti-

228 1695 348 1717 mocr.
375 1694 411 1728 p.
437 1683 514 1728 469.
539 1693 582 1716 ea
606 1681 651 1715 ad
666 1679 805 1724 judicia
824 1679 1030 1723 pertinent,
1056 1691 1132 1712 non
1151 1679 1197 1713 ad
1221 1681 1395 1723 comitia3
1423 1692 1555 1726 quam-

230 1755 344 1790 quam
367 1744 446 1776 veri
472 1749 529 1776 est
553 1741 811 1781 simillimum,
849 1739 982 1773 eodem
1017 1738 1250 1772 calculorum
1287 1751 1428 1784 genere
1454 1747 1491 1775 et
1514 1742 1554 1775 in

228 1804 377 1849 judiciis
403 1810 441 1837 et
467 1804 507 1836 in
531 1800 694 1836 comitiis
719 1811 804 1833 usos
824 1811 907 1834 esse
931 1798 1192 1833 Athenienses.
1243 1800 1304 1834 De
1328 1801 1553 1836 testularum

229 1864 419 1910 suffragiis
442 1863 542 1897 libro
568 1863 618 1896 11.
655 1860 833 1894 dicemus.

276 1935 336 1977 41)
372 1932 496 1967 Schol.
533 1931 580 1965 ad
616 1928 805 1973 Aristoph.
841 1928 984 1973 Equitt.
1021 1940 1054 1963 v,
1091 1935 1167 1974 851.
1201 1950 1247 1956 —
1280 1931 1392 1977 Quod
1423 1937 1552 1966 autem

230 1993 544 2039 Baumgartenius
570 1992 701 2032 docet,
727 1990 773 2024 ad
797 1990 938 2023 Histor.
965 1989 1166 2024 universal.
1201 1992 1307 2025 Tom.
1335 1993 1378 2025 V.
1406 2003 1442 2036 p.
1473 2003 1549 2038 197·

231 2056 339 2091 binos
373 2053 490 2088 fuisse
524 2051 734 2092 cancellos,
770 2061 839 2095 per
873 2061 965 2095 quos
998 2056 1256 2085 transeuntem
1289 2051 1472 2096 populum
1505 2051 1552 2086 ad

228 2116 375 2162 priores
387 2113 577 2159 accepisse
589 2112 765 2153 calculos,
790 2109 837 2144 ad
846 2111 1075 2156 posteriores
1087 2111 1305 2157 deposuisse
1315 2123 1392 2159 eos,
1417 2111 1553 2159 quibus

229 2187 307 2210 non
320 2181 419 2209 esset
433 2185 535 2217 usus,
559 2171 747 2219 simnl'que
756 2172 972 2206 mercedem
988 2183 1094 2206 suam
1116 2172 1321 2217 accepisse,
1344 2171 1383 2204 id
1394 2182 1468 2216 quo
1487 2182 1554 2205 au-

231 2243 340 2272 ctore
366 2235 512 2276 doceat,
537 2234 677 2269 nescio.
695 2253 740 2259 —
771 2234 952 2268 Ceterum
971 2245 1047 2267 non
1067 2233 1239 2267 tributim
1257 2231 1553 2266 numerabantur

232 2305 273 2333 et
294 2298 468 2332 valebant
483 2294 673 2340 suffragia,
685 2293 753 2328 sed
765 2293 983 2335 universim,
1010 2300 1051 2327 ut
1069 2305 1146 2326 non
1158 2292 1257 2339 quod
1276 2291 1405 2337 plures
1419 2291 1554 2334 trihus,

230 2360 299 2395 ted
323 2359 424 2406 quod
447 2358 568 2400 major
591 2354 729 2390 civium
753 2365 930 2389 numerus
954 2354 1144 2397 jussisset,
1178 2359 1301 2387 ratum
1324 2359 1434 2387 esset.

277 2429 338 2473 42)
364 2429 535 2461 Fortasse
561 2424 673 2458 etiam
697 2433 834 2456 novem
857 2422 1087 2465 Archontes3
1123 2433 1211 2456 nam
1244 2421 1311 2456 hos
1344 2421 1385 2454 in
1420 2421 1552 2456 Ostra-

232 2489 349 2523 cismo
374 2487 527 2533 quidem
550 2485 661 2519 simul
681 2495 766 2518 cum
795 2482 1037 2517 senatoribus
1062 2482 1217 2524 vidisse,
1243 2488 1284 2515 ut
1307 2489 1412 2517 recte
1435 2488 1552 2528 atque

233 2549 367 2585 ordine
392 2547 517 2582 omnia
539 2546 676 2579 fierent
694 2544 733 2578 in
750 2543 916 2579 ferendis
934 2543 1134 2590 suffragiis,
1159 2543 1416 2590 Aristophanis
1434 2542 1552 2578 Scho-

232 2610 360 2644 liastes
386 2607 516 2642 scribit
538 2606 562 2640 l.
589 2606 614 2639 l.

280 2677 338 2723 43)
365 2678 480 2722 Legg.
507 2677 581 2709 Att.
609 2675 678 2709 111.
719 2688 746 2709 1.
774 2686 808 2721 p.
846 2686 922 2722 259.
