1706 3058
252 132 306 174 62

254 238 358 281 dide
389 235 738 294 colligi'potest‚
770 229 851 289 qui
879 230 1118 281 Periclem,
1149 246 1252 275 cum
1285 233 1406 277 cives
1436 235 1490 277 ad
1511 246 1572 278 te-

252 309 439 354 meraria
479 304 824 362 perniciosaque
866 302 1054 346 consilia
1096 319 1338 360 propensos
1382 306 1568 355 videret,

249 384 370 425 nulla
402 376 582 420 comitia
614 389 878 417 convocasse
915 386 1083 427 narrat,
1135 390 1190 416 ne
1231 375 1336 431 quid
1376 376 1570 431 perversi

249 451 462 511 pravique
494 445 672 489 consilii
704 449 1011 498 caperentffl).
1073 447 1158 488 Sed
1190 449 1296 487 haec
1327 447 1475 490 omnia
1503 462 1574 488 ex·

252 524 393 578 empla
434 521 487 562 ad
525 517 630 559 belli
671 529 868 574 tempora
906 531 1060 574 resque
1106 516 1282 558 bellicas
1325 516 1571 573 pertinent3

247 608 393 649 neque
425 589 604 633 videtur
633 588 731 632 aliis
764 589 818 629 de
849 587 1038 644 negotiis
1070 589 1288 643 populum
1321 603 1343 629 a
1373 586 1575 644 strategis

249 660 488 708 convocari
518 659 732 717 potuisse,
764 660 838 700 sed
868 673 891 699 a
921 658 1180 714 prytanibus
1213 671 1404 704 tautum.

335 734 678 778 Polemarchum
705 744 883 786 quoque
901 729 1058 785 poppli
1092 731 1368 771 convocandi
1399 735 1468 783 jus
1497 733 1576 772 ha-

249 806 396 852 buisse
425 801 596 847 Petitus
629 816 680 842 ex
713 802 906 856 quodam
938 802 1055 855 apud
1097 803 1445 842 Demosthenem
1475 817 1575 857 pse-

248 878 469 938 phismate
491 871 668 929 probari
688 885 815 928 posse
836 881 977 927 putat,
1007 876 1130 923 cujus
1160 873 1245 913 hoc
1268 885 1333 914 est
1363 871 1574 918 initium:

331 947 435 991 Ἐπὶ
465 941 658 1000 ἄρχοντος
690 941 965 998 Ἠροπύθου,
1008 942 1136 997 μηνὸς
1168 948 1473 999 Μουνυχιῶνος
1503 947 1575 1004 ἕνῃ

249 1023 319 1066 καὶ
348 1021 440 1075 νέᾳ,
470 1014 726 1069 πολεμάρχου
755 1013 991 1072 γνώμῃη).

250 1104 336 1153 Sed
367 1106 500 1146 verba
530 1101 605 1142 illa
634 1107 773 1155 πολεμ.
813 1100 953 1158 γνώμῃ
985 1113 1077 1140 non
1109 1099 1155 1141 id
1186 1099 1411 1149 indicant,
1452 1101 1572 1143 illius

247 1187 373 1235 jussu
404 1171 586 1218 comitia
616 1171 780 1220 habita,
812 1173 900 1226 sed,
930 1186 1041 1228 quae
1072 1173 1155 1213 lata
1187 1183 1311 1213 erant
1340 1173 1394 1213 ad
1424 1187 1574 1229 popu..

248 1254 360 1297 lum,
385 1243 655 1304 polemarchi
670 1241 934 1285 auctoritate
954 1244 1040 1283 lata
1058 1258 1159 1285 esse.
1174 1267 1225 1274 —
1266 1245 1421 1299 ltaque
1439 1244 1570 1294 nulli,

251 1330 427 1378 praeter
448 1327 654 1372 prytanes
679 1325 721 1356 et
741 1325 950 1371 strategos
981 1313 1260 1370 magistratui
1293 1314 1571 1356 convocandi

252 1394 306 1434 ad
339 1385 524 1431 comitia
557 1385 713 1443 populi
744 1391 811 1438 jus
845 1385 979 1426 fuisse
1019 1384 1218 1438 videtur,
1263 1396 1363 1441 post
1398 1383 1572 1428 Solonis

248 1462 432 1521 quidem
471 1467 680 1500 aetatem;
720 1470 822 1496 nam
861 1467 963 1497 ante
1003 1455 1130 1496 illum
1172 1456 1224 1496 ad
1263 1459 1496 1498 archontes
1526 1457 1574 1498 id

246 1529 541 1592 pertinuisse,
574 1526 768 1568 dubitari
801 1524 983 1583 nequit;
1017 1525 1231 1580 quoniam
1262 1536 1372 1568 tunc
1399 1525 1490 1575 illi,
1523 1538 1575 1569 ut

247 1606 311 1647 ait
340 1597 624 1652 Thucydides
642 1632 653 1652 ,
693 1600 924 1654 plerasque
954 1595 1223 1652 reipublicae
1253 1607 1396 1652 partes
1426 1597 1574 1640 admi-

247 1675 494 1719 nistrabant
509 1671 599 1724 20).

334 1766 539 1808 Certum,
581 1755 700 1812 quod
739 1753 787 1795 in
830 1753 1051 1812 aliquibus
1095 1750 1354 1794 civitatibus
1386 1751 1574 1796 institu-

250 1850 349 1883 tum
390 1832 527 1876 fuisse
571 1829 700 1869 docet
736 1826 1101 1880 Aristoteles21),
1145 1833 1196 1864 ut
1236 1825 1571 1877 mulctarentur,

251 1909 329 1968 qui
361 1899 537 1948 comiti
541 1913 560 1940 s
586 1898 797 1938 interesse
819 1906 1084 1942 recusarent,
1117 1894 1238 1935 idem
1259 1895 1440 1937 Athenis
1464 1912 1572 1954 quo·

254 1994 342 2037 que
373 1971 595 2020 obtinuit,
628 1971 893 2024 fueruntque
924 1965 1204 2022 magistratus
1236 1963 1441 2024 quidam,
1482 1971 1574 2015 Le..

251 2047 417 2093 xiarchi
448 2042 581 2092 dicti,
625 2057 698 2084 sex
730 2052 941 2085 numere,
988 2036 1146 2094 quibus
1178 2038 1436 2080 mandatum
1467 2050 1571 2093 erat,

253 2132 305 2164 ut
335 2116 584 2174 cogendum
614 2115 667 2155 ad
697 2109 878 2154 comitia
908 2110 1125 2165 populum
1145 2118 1362 2158 curarent,
1389 2113 1572 2155 mulcta.

249 2202 440 2245 rentque
470 2187 568 2229 illos
599 2183 677 2241 qui
707 2183 756 2225 in
786 2184 868 2224 hac
896 2191 1018 2238 parte
1039 2178 1430 2237 deliquissent22).
1467 2181 1570 2227 οη»

304 2320 346 2354 18
380 2315 431 2355 ΙΙ,
455 2324 510 2349 22.

305 2315 361 2428 19}
381 2383 441 2416 De
461 2381 597 2414 Coron.
623 2391 658 2424 p.
685 2384 762 2419 282.
783 2375 892 2412 Petit.
912 2375 982 2410 111.
1017 2387 1044 2409 1.
1073 2386 1109 2421 p.
1142 2374 1221 2414 286.

302 2452 359 2494 20)
380 2452 407 2484 Ι.
434 2449 509 2483 126.
531 2445 617 2484 τότε
632 2445 670 2482 δὲ
690 2445 738 2483 ταὶ
758 2442 878 2481 πολλοὶ
894 2442 968 2479 τῶν
985 2441 1186 2480 πολιτικῶν
1204 2438 1244 2478 οἱ
1258 2432 1579 2488 ἔννέῶἈρχοιᾸπσ

256 2513 450 2559 ἔπρασσον.

302 2579 359 2622 21)
379 2578 530 2613 Aristot.
551 2576 662 2612 Polit.
691 2576 752 2610 IV.
780 2584 831 2620 13.

302 2648 359 2690 22)
385 2647 516 2681 Pollux
541 2646 644 2679 VIII.
677 2655 741 2689 104
762 2636 1068 2687 οἶΔηξιοῖρχοι-
1091 2637 1174 2678 τοῦς
1195 2636 1251 2685 μή
1274 2633 1573 2684 {attinet-'Cosmus‘
