1706 3058
1332 72 1414 118 243

92 189 170 226 rat,
201 176 505 219 instituendae
535 183 661 216 erant
690 175 806 230 apud
838 174 1030 231 aliquem
1061 189 1112 216 ex
1141 176 1414 222 Archontum

25 299 28 302 ‚
88 247 304 304 collegio,
336 251 646 302 Eponymum,
680 256 757 287 aut
788 248 1170 294 Thesmothetam,
1203 262 1280 300 pro
1313 264 1410 290 cau-

90 334 239 362 sarum
297 317 420 358 varia
482 314 820 371 conditione⁴¹).
904 317 1145 372 Reliquum
1192 319 1413 371 judicium

91 406 217 434 more
246 389 378 433 solito
411 399 542 445 atque
581 386 809 430 ordinario
838 390 1140 444 peragebatur.

510 629 846 676 CAPUT
911 630 1003 676 VI.

338 741 452 784 De
534 739 1178 784 Ostracismo.

177 915 294 957 Cum
325 911 499 965 judiciis
539 912 696 968 populi
737 914 856 953 haud
897 913 1183 955 incommode
1213 917 1425 973 conjungi

92 999 224 1043 posse
266 984 445 1025 videtur
496 982 815 1029 Ostracismus,
869 983 972 1038 qui,
1024 998 1294 1040 quamquam
1333 1002 1426 1029 non

91 1071 249 1098 verum
283 1055 371 1096 fuit
401 1052 646 1106 judicium,
680 1052 874 1108 aliquam
906 1065 1053 1096 tamen
1085 1058 1242 1097 habuit
1270 1058 1426 1110 judicii

92 1124 461 1170 similitudinem.
521 1124 616 1166 Etsi
650 1124 771 1164 enim
802 1139 946 1180 neque
976 1129 1118 1176 justae
1149 1128 1426 1170 accusationi

83 1211 239 1254 >neque
271 1195 525 1237 defensioni
567 1195 615 1236 in
657 1194 926 1238 Ostracismo
966 1197 1090 1238 locus
1122 1197 1233 1247 fuit,
1279 1214 1429 1256 neque

90 1266 226 1323 jurati
258 1266 428 1319 judices
462 1282 514 1308 ex
553 1265 853 1308 Heliastarum
879 1265 1034 1308 ordine
1067 1270 1243 1310 occulta
1275 1268 1427 1312 suffra-

81 1338 164 1397 gia
206 1335 480 1392 tulerunt¹)‚
523 1352 715 1393 vereque
755 1338 1018 1380 Plutarchus
1063 1339 1201 1392 dixit,
1243 1341 1429 1384 exilium

93 1409 234 1462 illud,
288 1409 412 1464 quod
453 1407 664 1450 subibant
703 1407 759 1457 ii,
812 1409 1022 1450 adversus
1064 1425 1175 1465 quos
1218 1412 1429 1469 suffragia

90 1483 180 1522 lata
223 1490 369 1527 erant,
413 1493 506 1520 non
547 1478 871 1520 maleficiorum
911 1493 1122 1534 poenam,
1168 1483 1246 1522 sed
1290 1497 1429 1538 opum

93 1550 340 1594 nimiarum
361 1550 679 1607 potentiaeque
701 1564 830 1604 supra
849 1547 1030 1591 civilem
1058 1553 1245 1594 modum
1276 1564 1431 1596 auctae

85 1621 433 1679 castigationem
466 1620 604 1662 fuisse
617 1624 677 1674 ²):
710 1631 875 1672 tamen,
906 1635 1010 1662 cum
1033 1622 1186 1663 haberi
1220 1624 1430 1666 Ostracis-

92 1708 193 1735 mus
225 1691 380 1749 populi
410 1692 584 1744 injussu
615 1706 707 1734 non
739 1702 899 1747 posset,
930 1706 1109 1734 necesse
1141 1692 1242 1743 fuit,
1277 1694 1429 1750 aliquo

93 1775 195 1805 ante
227 1775 426 1820 tempore
460 1778 562 1806 cum
603 1765 772 1821 populo
812 1765 897 1804 hac
928 1763 982 1803 de
1015 1778 1062 1804 re
1101 1763 1191 1820 agi,
1239 1779 1432 1822 eumque

137 1904 199 1949 41)
228 1905 383 1938 Scilicet
415 1901 646 1951 παρανόμων
678 1900 802 1949 γραφή
836 1909 900 1937 aut
932 1902 980 1936 ad
1016 1903 1258 1949 Eponymum
1288 1912 1351 1940 aut
1385 1906 1433 1939 ad

94 1962 385 1998 Thesmothetas
431 1966 685 1999 deferebatur.
731 1975 765 1996 v.
809 1962 926 1997 Wolf.
961 1962 1008 1996 ad
1053 1964 1164 1998 Dem.
1212 1966 1361 2010 Leptin.
1396 1977 1431 2010 p.

94 2025 277 2058 CXXXX.
316 2024 434 2067 ξενίας
465 2022 587 2071 γραφή
621 2024 667 2058 ad
702 2023 1006 2057 Thesmothetas.
1066 2025 1199 2058 Pollux
1234 2027 1339 2061 VIII.
1376 2033 1432 2066 33.

93 2081 334 2130 Ἐταιρὴσεως
368 2081 509 2131 γραφή,
537 2091 748 2128 omnesque
774 2094 864 2127 eae,
901 2096 996 2130 quae
1029 2084 1075 2118 ad
1110 2084 1330 2130 δοκιμασίαν
1366 2090 1436 2123 τοῦ

92 2147 180 2190 βίον
206 2146 470 2190 pertinebant,
505 2143 552 2178 ad
586 2143 751 2179 eosdem.
778 2144 852 2178 vid.
879 2145 930 2179 ib.
957 2151 996 2179 et
1021 2144 1221 2180 Demosth.
1249 2147 1332 2182 adv.
1361 2150 1435 2182 An-

96 2204 263 2240 drotion.
289 2217 325 2251 p.
354 2207 433 2240 600.

88 2281 92 2284 ’
140 2289 173 2332 1)
200 2287 381 2323 Andocid.
410 2288 450 2323 in
476 2288 657 2325 Alcibiad.
681 2301 718 2336 p.
751 2302 806 2336 29.
840 2299 892 2334 15.
918 2289 1047 2335 Steph.
1100 2289 1192 2326 Οὔτε
1214 2293 1439 2337 κατηγορίας

93 2351 307 2395 γενομένης,
346 2349 433 2386 οὕτε
458 2347 657 2397 ιῖπολογίας
690 2347 954 2394 ἄποδοθείσης,
991 2350 1074 2386 aifre
1106 2347 1436 2396 διαψηφισαμένων

95 2404 286 2452 κρῦβὸηνᾷ
315 2408 383 2446 τᾶν
415 2407 711 2457 ὀστρακισθέντα
744 2408 921 2447 τοσοῦτον
955 2407 1091 2456 χρόνον
1121 2407 1177 2445 δεῖ
1209 2410 1438 2455 στερηθῆναι

61 2500 68 2508 ,
96 2466 160 2512 τῆς
184 2466 338 2508 πόλεως.

144 2551 180 2594 2)
210 2553 398 2588 Plutarch.
429 2555 495 2589 vit.
530 2551 778 2589 Themistocl.
817 2526 897 2600 cap.
927 2565 982 2590 22.
1014 2553 1168 2590 Aristid.
1208 2563 1286 2596 cap.
1320 2562 1353 2596 7.
1389 2550 1438 2593 cf,

98 2611 280 2648 Alcibiad.
320 2625 402 2659 cap.
435 2625 488 2659 ¹3·
549 2615 631 2650 Nic.
667 2620 745 2660 cap.
787 2626 839 2649 ιι.

1079 2679 1163 2717 RQ.
