1706 3058
1348 118 1422 160 105

92 221 385 281 ‘provocandi
426 231 552 263 erant
590 220 768 280 οῐῦπὲρ
807 224 1057 278 πεντήκοντα
1098 225 1163 278 ἔτη
1201 223 1423 281 γεγονότες,

90 306 207 352 vpost
245 308 318 336 eos
360 295 540 334 demum
580 308 603 334 e
640 293 820 349 reliquis
862 309 1039 343 omnes,
1081 294 1242 351 quibus
1284 296 1426 339 dicere

103 366 269 409 liceret.
330 365 515 407 Dudum
547 375 696 406 autem
726 364 839 406 illud
879 366 1137 408 institutum
1168 369 1423 422 neglectum
1485 392 1489 394 ·

103 447 146 477 et
167 436 449 478 obliteratum
471 438 624 488 erat⁴)‚
649 446 693 476 et
714 435 917 477 homines
941 451 1065 492 saepe
1091 437 1422 486 adolescentuli,

103 506 178 549 vix
213 509 484 563 epheborum
526 521 714 548 numero
754 507 938 562 egressi,
979 508 1214 564 prudentia
1256 508 1423 564 exigua,

103 577 355 624 temeritate
397 588 545 618 autem
585 588 629 617 et
669 578 937 633 loquacitate
968 581 1110 620 multo
1142 579 1342 633 maxima,
1373 581 1425 620 de

102 646 310 690 maximis
352 650 479 689 rebus
519 647 655 699 primi
688 648 984 700 disserebant,
1028 661 1071 691 et
1101 648 1184 692 soli
1216 664 1426 694 nonnun-

103 732 238 775 quam
268 722 543 776 occupabant
573 732 827 776 suggestum
840 726 880 771 ⁵).

143 832 146 833 ν
186 807 332 847 Nemo
375 806 494 847 enim
533 818 710 863 propter
750 818 960 860 aetatem,
1003 808 1108 848 dum
1149 808 1268 850 inter
1303 810 1426 852 viros

104 887 306 932 receptus
339 888 474 926 esset,
508 881 640 920 verba
671 881 814 920 facere
845 881 1090 927 vetabatur,
1122 878 1170 919 id
1201 884 1321 935 quod
1352 885 1428 924 Pe-

101 946 210 990 titus
243 963 422 1005 quoque
453 949 615 997 sensit,
651 961 695 992 et
725 949 992 993 sententiam
1016 965 1139 992 suam
1162 966 1213 992 eo
1245 956 1430 1007 probare

100 1029 288 1061 conatus
321 1031 413 1075 est,
452 1023 576 1076 quod
605 1023 862 1074 Platonem,
904 1032 989 1062 tres
1026 1034 1068 1063 et
1099 1022 1261 1079 viginti
1292 1040 1428 1068 annos

83 1101 276 1147 natum*²
322 1091 371 1133 in
409 1092 581 1146 judicio
634 1093 884 1134 orationem
925 1093 1129 1137 habuisse
1168 1096 1428 1149 ostendit⁶).

99 1163 158 1204 At
188 1177 241 1204 ex
271 1177 324 1204 eo
357 1163 507 1220 colligi
551 1163 730 1220 nequit,
776 1163 825 1210 id
857 1163 1011 1207 aetatis
1042 1164 1178 1207 etiam
1208 1166 1255 1207 iu
1287 1169 1432 1211 comi..

101 1232 179 1274 tiis
213 1233 356 1276 dicere
397 1235 593 1280 licuisse.
668 1235 834 1277 Melius
877 1250 929 1276 ex
967 1236 1210 1279 Alcibiadis
1248 1240 1432 1283 historia

101 1316 361 1360 argumenta
402 1306 629 1362 petiisset,
669 1305 756 1362 'qui
798 1305 972 1362 aliquot
1012 1320 1113 1350 ante
1152 1309 1433 1366 trigesimum

103 1375 229 1417 annis
261 1378 533 1437 demagogus
576 1375 713 1432 fuit7)
756 1388 798 1420 et
836 1383 923 1431 jam
965 1381 1144 1439 Olymp.
1175 1385 1431 1432 LXXXVHI.

149 1524 186 1566 4)
213 1522 412 1559 Demosth.
441 1521 490 1555 de
523 1533 651 1555 coron.
685 1532 722 1564 p.
751 1525 828 1563 285.
864 1518 1039 1552 Aeschin.
1078 1520 1158 1554 adv.
1197 1523 1430 1569 Ctesiphont.

102 1596 141 1629 p.
166 1583 247 1629 386.
273 1583 355 1618 adv.
391 1582 580 1616 Timarch.
615 1594 652 1626 p.
689 1585 745 1624 48.
779 1591 835 1624 49.
870 1579 1058 1613 Plutarch.
1096 1593 1143 1616 an
1175 1584 1255 1617 seni
1280 1585 1326 1618 sit
1350 1598 1429 1632 ger,

103 1657 200 1690 resp.
228 1657 265 1690 p.
302 1649 380 1692 784.
417 1655 448 1676 c.
479 1643 580 1687 Opp„
606 1642 713 1679 Toni.
742 1641 791 1673 ΙΙ.
820 1638 869 1672 cf.
906 1639 1095 1684 Aristoph.
1124 1643 1284 1678 Acharn.
1312 1658 1345 1680 v.
1372 1659 1428 1692 45.

103 1705 333 1750 Thesmoph.
359 1716 394 1738 v,
420 1707 499 1747 585.
526 1701 670 1735 Eccles.
697 1711 731 1733 v,
763 1710 838 1742 150.
857 1700 993 1733 Facete
1016 1700 1063 1733 ad
1087 1701 1186 1735 hunc
1211 1715 1359 1741 morem
1381 1709 1434 1742 ἢχ-

102 1766 201 1801 ludit
225 1765 424 1805 Lucianu5‚
449 1763 566 1796 Deor.
589 1762 704 1794 Cone.
731 1771 760 1793 1.
785 1771 822 1809 p.
852 1765 926 1806 178.
954 1762 1061 1795 Tem.
1087 1763 1152 1796 IX.
1178 1763 1261 1809 Bip.
1289 1773 1327 1800 et
1352 1769 1430 1804 Iov,

107 1826 298 1872 Tragoed.,
326 1830 381 1863 18.ι
405 1834 442 1867 p.
470 1832 546 1865 245.
573 1822 670 1856 Tom
692 1823 761 1859 VI,
785 1820 850 1854 ubi
875 1817 914 1856 οἱ
934 1821 1068 1857 τέλειοι
1092 1825 1180 1863 θεοί
1203 1832 1289 1859 sunt
1312 1827 1340 1861 ii
1366 1829 1430 1873 dii,

105 1898 199 1933 quos
224 1898 302 1920 non
327 1883 598 1924 adolescentes,
627 1882 693 1916 sed
713 1886 885 1914 maturae
903 1881 1035 1914 aetatis
1056 1882 1262 1927 fingebant.
1311 1889 1432 1930 Aliam

104 1946 207 1983 θεῶν
230 1946 378 1983 τελείων
403 1942 719 1989 significationem
742 1943 907 1979 illustrat
928 1942 1129 1978 Ruhnken.
1157 1945 1204 1979 ad
1220 1947 1431 1990 Timaeum

102 2018 142 2052 Ρ·
177 2017 256 2052 225-

153 2094 189 2136 5)
218 2091 262 2124 Id
284 2084 497 2127 Andocides
524 2090 696 2135 queritur
721 2095 842 2124 contr.
869 2087 1048 2122 Alcibiad.
1075 2100 1110 2132 p.
1141 2100 1217 2135 123.
1242 2093 1287 2126 R.
1314 2105 1371 2138 52,
1396 2107 1430 2141 4.

105 2151 235 2197 steph.
264 2151 313 2185 cf.
339 2149 609 2194 Thrasymachi
624 2149 758 2195 fragm.
785 2161 843 2194 ap.
871 2149 1029 2193 Dionys.
1055 2149 1176 2184 Halic.
1203 2164 1244 2186 π.
1271 2152 1333 2198 τῆς
1357 2158 1435 2200 Δη-

104 2214 223 2257 μοσθ.
245 2208 377 2246 deivos.
404 2224 441 2256 p.
475 2212 551 2254 165.
579 2210 680 2255 Sylh.
706 2210 761 2244 Ex
776 2209 911 2255 Lysiae
935 2222 1086 2260 quoque
1110 2211 1209 2255 loco,
1234 2225 1302 2258 pro
1323 2216 1434 2249 Man-

106 2273 190 2308 tith.
217 2286 254 2318 p.
270 2279 349 2318 585.
385 2273 429 2306 R.
462 2282 537 2317 147.
563 2281 617 2318 35.
640 2271 792 2316 Steph.‚
816 2278 943 2318 patet,
977 2283 1040 2307 eos
1064 2272 1103 2306 in
1128 2273 1355 2321 prudentum
1379 2276 1435 2310 vi-

109 2333 388 2378 tuperationem
421 2331 648 2375 incurrisse,
683 2333 769 2378 qui,
805 2344 890 2369 cum
921 2332 1088 2375 juniores
1125 2340 1267 2376 essent,
1305 2342 1432 2371 tamen

107 2394 148 2427 in
166 2394 329 2427 comitiis
357 2394 486 2428 dicere
508 2398 755 2427 conarentur:
782 2391 850 2437 ἤδη
876 2390 914 2427 δέ
938 2405 1048 2428 τινων
1072 2390 1263 2439 ἢσθόμην,
1293 2392 1322 2431 ὦ
1346 2402 1435 2443 βου-

109 2453 175 2497 λή,
199 2459 261 2489 καὶ
288 2451 349 2489 διαὶ
372 2452 490 2489 ταῦτα
515 2448 732 2501 ἀχθομένων
758 2465 835 2498 μοι,
863 2449 922 2488 ὅτι
947 2450 1118 2501 νεώτερος
1133 2452 1195 2499 ὤν,
1220 2455 1434 2502 ἐπεχείρησα

111 2512 227 2560 ,λέγειν
250 2511 290 2548 ἐν
312 2511 364 2559 τῷ
387 2510 498 2558 δήμῳ,

156 2580 194 2624 6)
216 2581 336 2628 Εεςς,
361 2582 436 2615 Att.
464 2593 501 2628 p.
532 2593 608 2627 291.

158 2649 194 2694 7)
213 2647 355 2685 Duker.
381 2649 426 2684 ad
441 2649 611 2696 Thucyd.
632 2650 673 2685 V.
697 2664 729 2687 c.
750 2664 807 2698 43.
