1706 3058
1311 49 1328 57 ,-

271 72 351 122 523

271 177 454 234 largitus
487 178 554 226 sit,
587 178 647 219 ita
677 179 867 220 maxime
898 173 1208 235 imperatorem
1238 178 1389 235 creari,
1418 189 1462 222 et
1490 193 1582 236 quo

272 249 371 304 quis
401 251 540 300 plures
572 248 690 290 cives
724 250 979 305 corruperit,
1008 264 1060 292 eo
1089 248 1323 306 ampliores
1352 250 1583 306 magistra-

270 329 345 360 tus
376 318 584 375 adipisci,
616 333 883 377 quamquam
914 320 1092 377 capitali
1120 319 1337 377 supplicio
1367 320 1480 362 illud
1502 322 1581 364 cri·

270 403 401 437 men,
432 390 633 446 ὁεκασμόν
674 391 960 434 Athenienses
996 391 1173 441 dicunt,
1215 393 1331 447 leges
1360 389 1583 434 vindicari

269 462 525 512 jubeant⁷⁷)‚

355 532 418 571 Ab
457 530 545 574 illis
586 544 759 583 autem,
805 547 916 590 quos
962 533 1203 589 praefuisse
1244 533 1585 591 magistratuum

270 598 469 642 comitiis
499 603 718 652 diximus,
749 603 1047 646 Archontibus
1078 615 1155 645 aut
1183 605 1465 658 Prytanibus‚
1506 619 1587 646 eo-

268 686 390 719 rum,
424 672 500 728 qui
531 673 713 729 professi
743 687 889 726 erant,
921 674 1107 715 nomina
1137 676 1191 715 ad
1218 676 1436 730 populum
1467 675 1585 716 fere-

266 743 450 798 bantur,
480 743 608 800 isque
641 747 900 801 rogabatur,
939 759 1070 801 quem
1111 759 1161 785 ex
1197 744 1248 786 iis
1279 741 1586 799 magistratum

267 812 362 854 fieri
395 816 579 866 juberet.
640 816 690 857 Id
720 815 1023 871 προβάλλεσθαι
1052 814 1259 857 dixerunt
1279 813 1585 864 Athenienses,

264 897 447 940 remque
495 884 635 941 ipsam
681 885 970 944 npossotvfivffl).
1057 887 1253 941 Populus
1307 886 1585 928 voluntatem

265 967 393 994 suam
423 956 636 1010 porrectis
675 958 892 998 manubus
933 957 1199 1004 declarabat,
1242 967 1420 1013 eratque
1450 956 1487 998 is
1517 958 1587 999 le-

264 1023 454 1079 gitimus
496 1025 543 1067 in
584 1027 677 1069 istis
721 1027 914 1070 comitiis
954 1025 1150 1084 suffragii
1191 1027 1359 1069 ferendi
1399 1029 1583 1078 modus;

262 1108 498 1150 nunquam
527 1096 576 1138 in
607 1097 662 1140 iis
690 1098 865 1140 calculis
897 1109 972 1140 aut
1000 1097 1194 1146 tabellis,
1225 1101 1456 1150 πινακίοις,
1485 1107 1582 1140 ute-

262 1164 447 1215 bantur,
497 1181 686 1223 quorum
723 1168 772 1210 in
810 1167 1047 1211 sortitione
1086 1167 1428 1226 magistratuum
1457 1181 1584 1223 [usus

257 1267 578 1285 ---

263 1334 347 1377 ζων,
371 1335 454 1371 τοῦς
474 1335 585 1374 τοῦτο
596 1336 836 1385 φανερώτατα
849 1337 1043 1374 ποιοῦντας
1060 1338 1278 1385 οτρατηγοῦο
1293 1337 1582 1386 χειροτονοῦμεν,

262 1399 326 1428 καὶ
356 1394 423 1431 τόν
452 1397 645 1435 πλείστους
666 1399 740 1434 τῶν
763 1397 927 1435 πολιτῶν
951 1396 1169 1445 διαφθεῖραι
1193 1397 1419 1444 δυνηθέντα,
1451 1398 1582 1436 τοῦτον

263 1452 328 1490 ἐπὶ
352 1455 399 1491 ‘tc'
421 1462 574 1504 μέγιστα
597 1457 671 1494 τῶν
695 1455 923 1505 πραγμάτων
955 1460 1198 1505 καθίσταμεν.

311 1539 370 1584 77)
399 1539 536 1574 Omisit
559 1540 656 1574 hanc
679 1542 806 1586 Iegem
828 1542 982 1576 Petitus.
1031 1540 1269 1584 Συνδεκάζειν
1291 1541 1358 1587 τήν
1389 1540 1582 1589 ἕκκλησίαν

262 1597 404 1642 legitur
427 1611 486 1644 ap.
512 1601 737 1636 Aeschinem
765 1603 806 1636 in
843 1602 1030 1638 Timarch.
1064 1614 1101 1648 p.
1140 1615 1213 1649 ¹09·
1273 1605 1333 1639 De
1368 1604 1582 1648 corruptela

264 1658 424 1692 Senatus
450 1666 490 1694 et
512 1660 737 1704 judiciorum
759 1662 834 1696 vid.
861 1664 973 1698 Petit.
999 1675 1035 1708 p.
1060 1675 1138 1709 427.
1191 1663 1291 1710 Quid
1327 1663 1477 1698 differat
1511 1659 1585 1699 δοῖ-

264 1730 342 1763 ow
363 1718 484 1766 γραφή
507 1727 544 1755 et
566 1734 621 1769 γρ.
648 1720 843 1767 δεκασμοῦ,
883 1724 955 1758 vid.
981 1736 1038 1770 ap.
1065 1723 1206 1758 Pouue.
1234 1724 1338 1758 VIII.
1363 1737 1419 1769 42.

313 1803 373 1848 78)
400 1804 600 1838 Demosth.
628 1805 673 1840 de
697 1816 824 1840 coron.
851 1819 886 1851 p.
915 1819 990 1854 277.
1040 1808 1212 1842 Aeschin.
1233 1807 1279 1842 de
1294 1808 1375 1841 fals.
1402 1808 1516 1853 legat.
1542 1821 1580 1856 p.

265 1872 345 1896 202.
373 1863 436 1908 qui
459 1875 500 1898 se
523 1865 691 1909 legatum
714 1865 975 1911 προβληθῆναι
1001 1867 1090 1901 dicit
1109 1879 1129 1901 a
1146 1867 1332 1909 Nausic1e‚
1356 1869 1584 1904 Demosthe—

265 1931 357 1956 nem
390 1929 517 1957 antem
549 1935 570 1957 a
605 1925 837 1969 Philocrate,
882 1939 1041 1972 quorum
1074 1934 1232 1974 uterque
1266 1934 1304 1961 et
1333 1927 1413 1972 ipse
1436 1925 1583 1978 legatus

265 1989 369 2026 erat,
393 1991 549 2027 neuter,
585 1991 626 2018 ut
649 1991 763 2030 puto,
798 1987 979 2032 Prytanis.
1029 1988 1078 2022 Et
1110 1999 1198 2021 sane
1220 1987 1260 2021 in
1283 1987 1327 2021 iis
1350 1988 1581 2032 muneribus,

269 2054 369 2087 quae
395 2044 473 2088 peti
500 2044 736 2079 acandidatis
763 2052 801 2080 et
826 2048 1044 2081 ambirinon
1061 2053 1250 2093 poterant,
1276 2059 1349 2092 quo
1375 2060 1419 2083 ex
1441 2060 1584 2095 genere

267 2109 356 2137 sunt
379 2105 601 2149 legationes,
629 2113 921 2142 consentaneum
945 2115 1036 2152 erat,
1061 2119 1138 2142 non
1162 2119 1183 2141 a
1205 2108 1428 2152 Prytanibus
1444 2109 1579 2153 solum,

263 2162 333 2197 sed
359 2175 380 2197 a
412 2176 637 2211 quocunque
668 2165 742 2199 alio
776 2167 874 2202 hunc
908 2169 967 2202 vel
998 2168 1105 2203 illum
1137 2168 1276 2214 populo
1311 2168 1579 2211 commendari,

265 2224 307 2256 :id
331 2225 431 2270 quod
456 2225 568 2259 etiam
593 2231 683 2259 tunc
708 2226 849 2262 factum
873 2229 921 2262 sit
948 2240 1104 2264 necesse
1127 2235 1204 2272 est,
1241 2229 1272 2263 si
1297 2229 1357 2262 cui
1380 2227 1462 2262 sine
1484 2228 1580 2274 peti—

265 2285 372 2319 tione
397 2286 604 2319 ordinarius
628 2287 866 2332 magistratus
892 2289 995 2323 datus
1030 2296 1103 2332 est,
1139 2288 1451 2335 quemadmodum
1482 2288 1579 2323 Pho-

267 2345 367 2378 cioni
392 2347 618 2390 saepissime.
643 2366 688 2377 -·-
735 2350 912 2384 Ceterum
937 2361 1074 2385 nomen
1097 2347 1262 2394 προβολή
1288 2361 1354 2392 e0,
1381 2361 1494 2395 quem
1522 2349 1579 2383 in-

268 2404 408 2450 dicavi,
444 2419 555 2441 sensu
579 2409 756 2455 frequens
782 2416 837 2444 est
859 2411 957 2456 apud
990 2412 1186 2446 Platonem
1208 2410 1247 2443 in
1280 2416 1382 2444 sexto
1415 2409 1460 2444 de
1483 2410 1578 2455 legi-

263 2465 356 2506 bus,
384 2468 501 2501 veluti
525 2481 561 2513 p.
589 2471 665 2515 765.
693 2472 735 2504 B.
786 2471 1002 2506 Cavendum
1025 2476 1151 2505 autem
1176 2476 1251 2513 est,
1276 2481 1324 2504 ne
1348 2470 1444 2504 hanc
1467 2481 1576 2504 voca-

264 2525 342 2559 buli
369 2527 682 2571 significationem
706 2531 973 2568 confundamus
999 2543 1085 2570 cum
1107 2531 1193 2576 illa,
1227 2529 1274 2566 de
1298 2541 1371 2578 (ΡΗ
1393 2529 1468 2565 dffi
1492 2540 1574 2576 ⁶⁸1²·
1623 2527 1631 2532 ¹

264 2585 307 2618 V,
335 2586 442 2630 hujus
474 2589 571 2625 miri.

1695 459 1700 466 ·
1691 286 1706 438 .i.-.⁴·e.n.'
