1706 3058
1334 115 1418 175 293,

90 233 183 266 tere
227 222 428 264 videmus
473 221 590 277 apud
630 219 806 274 Lysiam
845 222 896 263 in
936 221 1137 267 oratione
1185 220 1235 263 in
1271 225 1414 281 Ergo-

90 295 281 345 clem²³).
344 297 399 336 Et
428 309 452 334 a
483 291 653 336 Pericle
686 308 864 348 quoque
895 291 1131 348 repetitam
1152 293 1305 350 populi
1327 300 1413 348 jus-

89 379 143 407 su
172 365 393 406 rationem
433 380 456 406 e
486 365 729 407 Plutarcho,
762 374 924 406 notum
956 367 1109 414 est²⁴);
1144 380 1416 422 quamquam

86 447 296 477 neutrum
335 439 495 477 horum
537 434 840 489 exemplorum
892 435 947 474 ad
997 435 1228 478 solennem
1279 448 1415 494 atque

86 507 361 549 ordinarium
400 520 569 547 morem
614 505 895 546 referendum
937 515 1012 546 est.
1073 508 1261 549 Solenne
1293 508 1412 551 enim

85 582 173 620 hoc
204 589 318 628 erat,
357 589 409 619 ut
440 576 698 633 quicunque
729 587 804 617 aut
833 575 1141 632 magistratum
1173 590 1250 619 aut
1282 594 1414 621 cura-.·

84 649 254 695 tionem
285 649 480 705 aliquam
511 663 613 690 cum
654 646 873 703 pecuniae
904 647 1109 703 publicae
1131 650 1415 698 administra-j

85 720 205 763 tione
234 735 506 778 quocunque
534 721 673 761 modo
705 723 1012 771 conjunctam,
1057 731 1208 762 exacto
1248 737 1415 767 mune-⁴

81 792 141 834 ris
172 792 389 834 rationem
421 793 475 834 ad
498 790 698 847 Logistas
728 791 955 832 referrent.
1017 789 1136 832 Fieri
1166 807 1271 835 sane
1289 808 1412 836 non-

80 878 312 920 nunquam
342 865 509 920 potuit,
549 873 601 903 ut
638 861 845 918 Logistae
875 863 929 903 de
960 861 1179 913 ejusmodi
1218 862 1412 905 rationi-

79 937 161 977 bus
194 937 246 977 ad
278 936 498 992 populum
528 934 767 981 referrent,
799 933 837 974 si
868 933 975 990 quid
1007 933 1196 989 inesset,
1229 936 1283 975 de
1315 949 1408 991 quo

79 1006 165 1064 ipsi
198 1008 433 1048 decernere
461 1019 554 1046 non
584 1005 808 1045 auderent.
878 1005 962 1046 Sed
993 1002 1042 1044 id
1083 1004 1306 1046 rarissime
1337 1007 1409 1047 fa·-

78 1087 202 1119 ctum
233 1075 376 1118 videri
408 1077 559 1120 debet3
599 1086 644 1115 et
683 1075 1038 1131 quotiescunque
1079 1078 1271 1131 populus
1312 1077 1409 1133 ipse

76 1146 255 1201 jussisse
286 1146 461 1195 dicitur,
494 1143 545 1188 ut
574 1157 649 1187 aut
679 1145 764 1187 sibi
796 1157 871 1187 aut
902 1145 1096 1203 Logistis
1129 1145 1243 1186 ratio
1274 1147 1409 1188 refer-

75 1231 223 1268 retur,
277 1218 326 1268 id
366 1229 489 1268 extra
538 1217 743 1260 ordinem
787 1219 962 1269 factum
1013 1231 1105 1261 esse
1153 1218 1407 1273 putandum

75 1289 213 1348 est²⁵),

122 1432 178 1476 23)
205 1432 292 1475 Pag.
323 1443 399 1477 179.
424 1442 480 1474 41.
505 1429 629 1476 Ὑμεῖς
653 1428 885 1475 ἐψηφίσασθε
916 1430 963 1466 τοὶ
987 1429 1159 1475 χρήματα
1183 1427 1405 1476 α’πογροὶψαι

75 1488 123 1525 τοὶ
147 1489 186 1524 ἐκ
210 1489 284 1525 τοῖν
307 1490 452 1528 πόλεων
479 1490 692 1536 εἰλημμένα,
717 1497 778 1526 καὶ
803 1490 887 1528 τούς
912 1491 1090 1536 ἄρχοντας
1113 1489 1194 1526 τούς
1218 1487 1296 1535 μετ’
1315 1491 1403 1527 ἐκεί-

74 1565 139 1588 νου
166 1549 450 1597 (Θρασυβούλου)
474 1552 677 1588 καταπλεῖν
701 1550 858 1589 εὖθύνας
882 1549 1076 1587 δώσοντας.
1115 1550 1314 1595 ”Αρχοντες
1336 1551 1402 1586 isti

76 1617 315 1656 quaestores,
341 1614 493 1656 ταμίαι,
521 1624 604 1646 esse
628 1612 826 1655 videntur,
862 1612 926 1657 qui
950 1611 1199 1657 imperatores
1226 1613 1401 1649 con2itari

76 1671 262 1716 solebant..
318 1672 374 1706 Cf.
408 1672 612 1717 Demosth„
642 1673 689 1707 de
723 1673 946 1714 Chersones.
989 1684 1026 1718 p.
1063 1684 1138 1707 101.
1165 1672 1205 1706 in
1229 1673 1400 1719 Timotlu

18 1768 23 1769 ⁷
72 1744 108 1777 p.
146 1738 244 1779 1187.

118 1802 177 1846 24)
203 1801 390 1837 Plutarch.
419 1802 493 1836 Vit.
525 1803 661 1838 Pericl.
688 1815 849 1849 capf52.
880 1842 882 1847 1

119 1872 179 1916 25)
205 1870 361 1905 Probari
383 1871 457 1906 hoc
489 1872 765 1918 quodammodo
798 1883 910 1918 posse
941 1871 1091 1906 videtur
1121 1873 1286 1918 quamvis
1320 1874 1397 1910 levi¹

74 1932 224 1976 Ulpiani
248 1932 495 1975 auctoritate,
531 1933 595 1978 qui
630 1933 723 1967 haec
756 1933 890 1975 habet,
928 1932 974 1966 ad
1004 1933 1201 1967 Demosth.
1238 1933 1284 1967 de
1308 1934 1392 1969 faJs.

73 1993 146 2036 [eg.
172 2003 208 2036 p.
235 1993 314 2036 246.
340 2003 418 2040 377.
445 1994 538 2026 Ben.
563 1995 747 2039 Λογισταὶ,
773 1993 969 2030 ἐκαλοῦντο
995 1990 1036 2028 οἱ
1056 1990 1256 2040 εἰσάγοντες
1280 1994 1318 2030 ἒν
1341 1995 1394 2040 τῷ·

73 2051 173 2098 δήμῳ
197 2051 280 2089 τούς
312 2050 548 2093 ὗπευθῦνους.
611 2053 850 2105 Quamquam
881 2054 1003 2090 multo
1034 2054 1115 2087 veri
1139 2055 1292 2090 similius
1318 2062 1389 2098 est,

72 2113 213 2147 bonum
242 2113 363 2147 virum
397 2111 511 2159 δῆμον
545 2118 584 2147 et
616 2111 849 2159 δικαστήριον
880 2122 1136 2160 permutasse3
1170 2127 1260 2153 nam
1289 2116 1390 2162 apud

71 2173 369 2208 Demosthenem
390 2174 457 2208 illo
481 2175 566 2208 loco
592 2174 822 2220 δικαστηρίου
845 2183 995 2211 tantum
1017 2177 1160 2214 mentio
1184 2182 1252 2212 est.
1303 2179 1389 2212 Plu-

72 2234 244 2276 tarchum
269 2246 420 2282 quoque
443 2242 583 2271 testem
606 2238 783 2281 citarem,
811 2239 874 2283 qui
898 2237 944 2271 de
968 2237 1113 2271 Pericle
1136 2244 1276 2282 narrat,
1303 2251 1385 2285 cap.

71 2308 133 2342 23:
165 2296 237 2332 Τοῦ
260 2294 297 2335 δὲ
321 2297 540 2343 Περικλέους
572 2299 610 2334 ἕν
632 2297 685 2342 τῷ
706 2298 768 2343 τῆς
791 2300 1007 2345 στρατηγίας
1041 2296 1278 2346 οἷπολογισμῷ
1301 2299 1388 2337 δέκα

71 2355 261 2393 ταλάντων
287 2356 461 2403 ἀνάλωμα
485 2355 712 2405 γράψαντος,
739 2357 977 2404 ἀνηλωμένων
1002 2356 1050 2395 εἷς
1073 2357 1117 2394 τό
1143 2357 1247 2402 δέον,
1274 2359 1295 2396 o‘
1320 2359 1386 2405 δῆ-

69 2429 136 2462 μος
159 2414 381 2461 ἀπεδέξατο,
405 2418 456 2464 μή
480 2416 849 2465 πολυπραγμονήσας,
874 2416 959 2464 μηδ’
979 2420 1123 2466 ἐλέγξας
1146 2418 1189 2454 τὸ
1215 2417 1385 2465 οἷπὸῤῥη-

71 2492 156 2521 τον,
180 2479 210 2512 si
235 2484 379 2512 certum
403 2485 514 2522 esset,
540 2480 781 2514 Plutarchum
804 2492 954 2526 semper
969 2482 1120 2527 proprie
1145 2486 1184 2514 et
1208 2485 1385 2514 accurate

69 2540 184 2584 loqui.
238 2539 379 2585 Quodsi
401 2539 440 2573 id
463 2540 535 2574 hoc
559 2541 643 2574 loco
667 2540 780 2585 fecit,
805 2553 960 2576 necesse
984 2548 1058 2584 est,
1085 2541 1265 2585 ejusmodi
1291 2540 1382 2585 quid

68 2601 211 2636 factum
243 2611 342 2643 esse,
387 2602 496 2646 quale
529 2612 599 2649 ego
630 2612 743 2649 supra
780 2602 867 2639 fieri
903 2614 1184 2651 nonnunquam-
1212 2601 1382 2648 potuisse

68 2660 150 2695 dixi.
