1706 3058
268 115 350 164 253

265 233 413 272 verat,
456 224 779 265 condemnatus
819 221 986 279 etipse
1023 223 1082 266 sit
1111 237 1133 265 a
1163 227 1354 280 populo;
1394 225 1601 284 denique·

267 293 478 335 Ctesicles
511 292 709 349 quidam,
755 293 833 351 qui
875 293 924 334 in
952 308 1135 351 pompa,
1176 295 1320 336 ebrius
1350 295 1587 340 inimicum

262 365 415 406 nescio
443 379 575 420 quem
598 363 766 406 scutica
787 367 1108 414 verberaverat,
1141 376 1335 408 extremo
1367 368 1584 423 supplicio

266 437 450 477 affectus
482 435 612 487 sit²⁶).
680 437 821 492 Atque
853 435 966 477 illud
997 451 1170 493 quoque
1201 436 1297 478 sine
1329 437 1466 479 dubio
1498 441 1590 480 huc

266 508 547 550 referendum
589 517 674 560 est,
724 509 845 562 quod
887 507 1136 549 Dinarchus
1178 519 1348 558 narrat,
1394 507 1587 550 Themi-

265 579 399 620 stium
441 577 770 633 Aphidnaeum,
807 589 992 634 propter
1030 578 1241 631 injuriam
1283 579 1484 621 Rhodiae
1516 578 1588 622 ci-

262 650 506 692 tharistriae
536 663 612 701 pcr
648 648 877 690 Eleusinia
909 650 1093 704 factam,
1140 661 1281 690 morte
1321 653 1588 692 mulctatum

263 725 427 775 eese³⁷).

345 796 412 834 De
442 789 703 844 hujusmodi
743 790 881 846 igitur
919 789 1096 843 injuriis
1129 805 1180 832 ac
1212 792 1384 834 delictis
1426 808 1588 850 quere-

259 867 327 906 lae
358 866 411 905 ad
452 864 671 918 populum
718 862 1028 903 deferebantur
1061 878 1140 918 per
1177 863 1464 918 Prytanesn).
1525 864 1586 907 Hi

261 935 380 977 enim
412 937 507 989 lege
538 933 634 984 ina,
667 947 798 988 quam
829 948 960 989 supra
991 933 1334 989 adscripsimus,
1377 931 1588 990 jubentur

259 1007 330 1057 τὰς
359 1004 568 1061 προβολὰς
605 1004 875 1060 παραδιδόναι
904 1004 974 1055 τὰς
1011 1007 1280 1061 γεγενημένας
1316 1031 1372 1039 -
1413 1007 1506 1051 ὅσαι
1536 1007 1588 1052 ἄν

261 1078 316 1133 μὴ
343 1072 609 1131 ἐκτεὲισμέναι
639 1073 748 1120 ὦσιν.
809 1079 895 1118 Eos
919 1075 1071 1132 itaque
1091 1075 1286 1132 primum
1317 1089 1439 1119 actor
1467 1078 1588 1121 adire

262 1147 421 1190 debuit
453 1159 496 1188 et
524 1147 736 1202 προβολήν
765 1161 918 1195 suam,
959 1145 1123 1202 scripto
1160 1149 1279 1188 haud
1311 1150 1444 1190 dubie
1475 1156 1588 1192 conss-

259 1219 497 1276 signatam,
539 1218 597 1259 iis
631 1220 821 1266 tradere,
863 1219 914 1258 ab
945 1216 1000 1258 iis
1033 1227 1184 1273 postea
1216 1220 1384 1274 populo
1416 1235 1588 1277 propo-

258 1291 471 1338 nendam,
503 1288 591 1330 nisi
621 1290 657 1329 si
689 1288 869 1330 interim
901 1302 1000 1329 reus
1030 1287 1167 1330 actori
1192 1288 1476 1334 satisfecerat.
1535 1296 1587 1334 In

258 1359 457 1402 comitiis
498 1370 645 1401 autem
685 1371 804 1402 actor
843 1357 1142 1400 adversarium
1183 1359 1487 1416 produxit²⁹),
1528 1375 1586 1415 et,

258 1444 360 1488 post
398 1431 672 1488 propositam
722 1445 746 1471 a
794 1429 1063 1482 Prytanibus
1115 1429 1350 1486 προβολήν,
1397 1445 1586 1490 uterque

258 1505 393 1544 verba
423 1516 501 1560 pro
533 1517 579 1544 se
610 1504 663 1544 ad
692 1503 907 1559 populum
938 1499 1058 1543 fecit.
1124 1499 1244 1542 Dein
1284 1505 1476 1560 populus
1506 1519 1586 1562 per

305 1676 367 1720 26)
393 1675 593 1710 Demosth.
620 1674 660 1708 in
684 1674 780 1709 Mid.
807 1686 843 1719 p.
869 1684 950 1721 571.
977 1683 1059 1720 572.

303 1768 362 1814 27)
387 1767 568 1802 Dinarch.
595 1767 635 1800 in
659 1766 856 1801 Demosth.
882 1778 918 1811 Ρ.
944 1777 1001 1812 93.
1032 1778 1083 1800 10.

302 1837 362 1878 28)
388 1837 436 1870 Et
461 1836 507 1870 de
530 1837 818 1881 magistratuum
842 1835 994 1881 quidem
1026 1834 1174 1869 delictis
1209 1836 1249 1869 in
1280 1836 1404 1882 prima
1434 1837 1581 1882 potissi·

255 1908 362 1931 mum
396 1898 577 1942 cujusque
619 1896 818 1941 Prytaniae
865 1896 1045 1939 ecclesia,
1100 1896 1418 1941 quemadmodum
1470 1910 1584 1944 supra

256 1956 438 2000 diximus;
465 1956 512 1991 de
536 1957 683 2001 injuriis
711 1958 808 1991 festo
832 1963 1006 2002 tempore
1031 1957 1263 2001 commissis,
1297 1959 1467 2003 proxima
1497 1967 1584 2005 post

257 2018 434 2064 quodque
471 2018 612 2052 festum
658 2019 839 2060 ecclesia5
885 2017 932 2052 de
975 2017 1223 2062 Sycophantis
1258 2018 1415 2066 aliisque
1456 2020 1580 2066 primo

258 2089 409 2125 quoque
431 2085 617 2124 tempore.
1532 2091 1535 2093 ·

302 2172 361 2216 29)
389 2172 475 2204 Lex.
502 2171 615 2206 Rhet.
641 2170 815 2214 Bekkeri‚
840 2183 875 2217 p.
898 2176 978 2210 288.
1003 2171 1172 2218 προβολή
1196 2175 1256 2207 καὶ
1282 2170 1579 2219 προβάλλεσθαι.

254 2230 300 2267 ‘td
327 2229 505 2277 παράγειν
529 2229 578 2267 ιίς
603 2231 670 2275 τήν
695 2230 885 2276 ἐκκλησίαν
908 2231 976 2268 τὼν
1004 2229 1230 2277 βουλόμενον
1261 2237 1322 2269 καὶ
1355 2229 1581 2278 α’ποᾳαίνειν

256 2290 303 2327 w‘c
327 2289 506 2335 ἠδίκησεν.
555 2293 610 2326 Eo
636 2304 748 2326 sensu
772 2290 962 2337 προβολήν
996 2293 1302 2341 provocationem
1327 2293 1372 2326 ad
1396 2294 1580 2338 populum

226 2396 231 2406 ἱ
255 2353 438 2397 Taylorus
464 2352 577 2396 dicit,
603 2353 628 2388 l.
656 2353 680 2388 l.
708 2365 743 2398 p.
770 2352 849 2397 564.
877 2353 925 2386 cf.
961 2353 1148 2398 Spalding.
1187 2353 1235 2388 ad
1264 2355 1375 2388 Dem.
1411 2354 1504 2388 Mid.
1538 2367 1576 2400 p.

257 2425 287 2447 1.
325 2419 455 2447 contra
487 2414 679 2458 vulgatum
719 2414 828 2457 hujus
869 2414 1042 2447 vocabuli
1086 2425 1193 2448 usum
1235 2415 1333 2460 apud
1373 2409 1575 2461 Romanos.

255 2475 377 2507 Verae
409 2474 719 2518 provocationes,
756 2473 908 2518 ἐφέσεις,
951 2474 999 2507 ad
1030 2475 1212 2520 populum
1254 2477 1380 2511 nullae
1420 2477 1576 2511 fuerunt

253 2532 351 2576 apud
375 2533 643 2576 Athenienses,
679 2540 716 2568 et
741 2539 838 2580 quae
861 2533 1030 2579 Heynius
1057 2534 1102 2570 de
1126 2535 1170 2570 iis
1206 2536 1315 2580 dixit,
1351 2537 1423 2583 Op.
1459 2537 1572 2572 Acad.

254 2593 317 2626 IV.
345 2605 380 2637 p.
407 2599 462 2632 81.
490 2600 566 2628 not.
595 2595 645 2635 e.)
672 2595 864 2630 fluxerunt
884 2606 906 2630 e
927 2595 1021 2631 salsa
1043 2596 1359 2643 interpretatione
1382 2596 1573 2634 Plutarchi

250 2652 313 2686 vit.
341 2654 468 2689 Solon.
504 2667 582 2701 cap.
612 2661 662 2695 18·
