1706 3058
1316 96 1397 150 257

75 225 248 254 marum
279 210 442 250 mulcta
480 206 819 262 imponebatur,
860 202 1092 245 Minervae
1127 215 1270 250 sacra,
1313 218 1403 245 no-

75 285 287 338 minaque
317 295 474 323 eorum
496 293 519 319 a
550 277 748 333 quolibet
780 276 875 316 cive
906 275 1062 316 deferri
1091 285 1294 330 poterant
1323 277 1403 331 per

76 357 245 404 ἔνδειξιν
277 354 332 392 ad
361 350 724 396 Thesmothetas,
769 348 866 404 qui,
906 346 941 387 si
986 346 1252 387 delationem
1285 348 1404 389 reci-

72 441 178 484 pere
209 432 482 468 recusarent,
522 432 648 476 post,
692 429 841 460 exacto
874 416 1155 474 magistratus
1187 429 1402 475 tempore,

73 499 126 537 ab
159 499 386 550 Areopago
418 493 778 537 excludebantur,
813 503 902 546 quo
921 489 1024 530 alias
1045 491 1285 532 Archontes
1305 506 1402 534 mu·

74 582 179 608 nere
209 568 324 606 bene
356 562 497 605 functi
531 563 762 604 ascendere
794 562 1010 602 solebant.

156 651 450 694 Nomothetae
493 648 650 704 populi
691 653 816 701 jussu
857 648 1119 689 creabantur
1169 648 1234 702 (et
1283 661 1403 691 sorte.

74 721 276 779 quidem,
307 731 358 761 ut
388 719 593 771 videtum
626 734 892 776 quamquam
917 718 1014 775 quis
1046 717 1185 759 fuerit
1214 720 1401 762 sortien-

75 793 120 835 di
161 794 344 840 modus,
387 790 698 847 nescimus¹⁹),
749 806 800 831 cx
837 791 917 839 iis,
972 789 1048 846 qui
1090 791 1402 844 jusjurandum

73 862 371 905 Heliasticum
416 863 646 911 dederant,
689 865 775 903 hoc
814 873 899 910 est,
952 860 1002 901 ni
1042 862 1191 909 fallor,
1234 862 1309 918 qui
1349 879 1402 905 eo

74 951 192 979 anno
227 933 444 975 Heliastae
477 933 623 976 sortiti
656 945 792 975 erant.
852 936 1078 976 Numerus
1110 932 1402 976 millenorum

72 1009 141 1048 vel
167 1004 318 1062 potius
338 1004 626 1045 millenorum
648 1004 780 1044 unius
801 1002 940 1045 fuisse
960 1003 1215 1057 dicitur²⁰);
1248 1020 1404 1061 quam-

73 1091 205 1132 quam
237 1075 325 1116 veri
350 1075 629 1116 simillimum
654 1086 732 1122 est,
766 1089 843 1130 pro
874 1077 1025 1130 legum
1047 1076 1404 1131 abrogandarum

72 1160 262 1190 numero
296 1160 615 1201 causarumque
646 1145 905 1188 diversitate
936 1149 1083 1203 plures
1115 1146 1404 1202 paucioresve

72 1229 239 1259 creatos
270 1232 375 1257 esse.
437 1220 550 1258 Nam
573 1219 692 1272 quod
715 1217 935 1273 Epicratis
958 1217 1264 1274 Psephismate
1287 1222 1404 1275 apud

71 1290 486 1339 Demosthenem²¹)
516 1304 634 1330 unus
668 1299 710 1330 et
729 1288 851 1330 mille
871 1300 1108 1346 1·ogantur;
1138 1291 1223 1330 hoc
1255 1289 1406 1346 ipsum.

73 1361 374 1401 demonstrare
394 1358 586 1408 videtur,
618 1374 710 1400 non
741 1371 911 1401 certum
932 1375 982 1402 ac
1012 1361 1242 1402 solennem
1265 1360 1405 1406 istum

73 1446 310 1472 numerum
345 1428 505 1480 fuisse3
538 1429 644 1485 quid
677 1430 798 1473 enim
830 1442 937 1473 tunc
955 1430 1101 1488 rogari
1131 1446 1244 1488 opus
1276 1434 1403 1475 erat?

74 1513 117 1543 et
166 1500 429 1555 Pollucis22)
481 1500 818 1545 testimonium:
864 1506 1088 1558 νομοθέται
1124 1499 1230 1558 ἦσαν
1269 1509 1402 1560 χίλιοι,

71 1589 166 1616 non
198 1572 400 1621 aliunde,
446 1588 579 1629 quam
610 1588 661 1615 ex
692 1576 850 1615 eodem
883 1573 968 1615 isto
999 1575 1299 1631 Psephismate
1331 1593 1407 1619 re-

73 1645 267 1702 petitum
309 1658 402 1685 esse
442 1643 636 1685 videtur.
708 1646 865 1700 Neque
908 1645 1119 1701 temporis
1151 1658 1321 1688 certum
1354 1664 1405 1691 ac

74 1715 330 1774 legitimum
381 1715 576 1772 spatium
618 1729 771 1757 eorum
815 1715 998 1772 negotio
1039 1727 1251 1759 statutum
1289 1719 1401 1768 fuit;

71 1789 252 1840 jubetur
284 1786 404 1827 enim
435 1787 624 1843 populus
663 1785 712 1827 in
751 1785 926 1843 legibus
968 1786 1074 1838 illis,
1115 1803 1227 1844 quae
1266 1793 1402 1834 modo

73 1874 96 1899 a
127 1856 261 1900 nobis
292 1857 533 1913 adscriptae
564 1856 690 1905 sunt,
724 1871 805 1912 pto
838 1873 1025 1900 numero
1056 1860 1204 1915 legum
1235 1876 1425 1919 propo...

73 1930 282 1977 sitarum,
316 1940 491 1985 tempus
522 1929 809 1970 Nomothetis
839 1929 1086 1985 praefinire.
1146 1934 1403 1975 Mercedem

75 2015 254 2058 quoque
289 2010 502 2055 quantam
533 1998 803 2054 acceperint,
834 1999 1114 2057 ignoramu53
1146 2004 1223 2044 sed
1253 2005 1403 2046 admo·

124 2173 181 2216 19)
222 2168 400 2214 Suspicor
432 2175 581 2210 tamen,
617 2169 798 2203 sortiendi
834 2182 969 2204 munus
1002 2171 1048 2204 ad
1082 2171 1265 2216 Prytanes
1289 2172 1408 2217 perti-

20 2241 24 2249 *
64 2231 225 2272 *nuisse;
260 2230 300 2263 in
332 2229 518 2274 Epicratis
554 2229 658 2263 enim
690 2231 968 2276 Psephismate‚
1003 2244 1062 2278 ap.
1096 2233 1295 2268 Demosth.
1323 2233 1405 2269 adv,

77 2292 244 2326 Timocr.
271 2302 307 2335 p.
335 2295 417 2336 708,
443 2289 483 2322 hi
507 2289 706 2333 jubentur:
742 2294 898 2329 καθίσαι
927 2295 1162 2339 Νομοθὲταε.

126 2383 184 2424 20)
210 2381 293 2416 Vid.
319 2381 434 2416 Petit.
459 2394 495 2427 p.
535 2393 611 2428 177-

126 2476 185 2519 21)
214 2474 281 2509 Or.
309 2473 392 2507 adv.
419 2473 624 2508 Timocrat.
659 2486 695 2520 p.
731 2480 810 2522 708.

123 2548 184 2610 ¹22)
211 2567 317 2600 VIII.
346 2577 424 2599 101.
450 2584 496 2591 —
522 2567 703 2600 Ceterum
736 2567 783 2601 de
817 2567 965 2602 incerto
994 2570 1311 2607 Nomothetarum
1344 2582 1413 2605 nn-

79 2638 184 2661 mero
213 2625 261 2660 cf.
288 2625 408 2660 Wolf.
435 2625 460 2659 1.
488 2626 512 2660 l.
540 2638 574 2670 p.
607 2627 784 2663 CXXXV.
812 2635 890 2664 not.
919 2641 994 2675 157.

1096 2696 1120 2733 S
