1706 3058
1363 164 1418 221 49

88 270 189 314 niae
209 269 280 312 die
308 279 485 325 quarto,
519 277 597 310 aut
623 266 820 319 ejusdem
853 264 1084 323 trigesimo
1111 267 1245 310 tertio
1272 272 1417 322 perla-

91 353 188 384 tum
211 356 315 382 esse.
337 365 394 373 --
451 343 545 380 Iam
568 337 737 391 judicet
756 338 917 385 lector,
953 353 1084 393 quem
1109 354 1160 380 ex
1185 341 1265 381 hac
1285 344 1413 383 ratio·

89 427 148 454 ne
187 412 380 453 fructum
408 409 571 465 sperari
609 423 737 464 posse
772 419 963 455 statuam
998 408 1204 466 equidem
1239 414 1415 455 nullum

87 494 220 540 puto,
252 481 338 522 nisi
369 484 506 528 hunc,
539 491 589 520 ut
609 479 904 534 intelligatur,
939 481 992 521 de
1015 481 1304 524 comitiorum
1323 483 1414 526 die·

88 556 194 605 bus,
227 551 302 608 qui
323 550 516 600 fuerint,
549 562 592 591 et
613 561 779 606 quanto
811 550 1047 592 intervallo
1075 551 1313 605 disjuncti,
1347 555 1413 597 nil

90 623 302 666 affirmari
335 634 378 663 et
411 621 706 664 demonstrari
739 637 879 677 posse.

143 728 147 729 γ
173 697 258 738 Sed
289 705 355 735 est
385 694 466 734 alia
498 705 722 750 praeterea
755 707 909 740 causa,
953 708 1064 748 quae
1103 710 1175 736 me
1215 699 1412 748 adducit,

87 779 140 810 ut
171 767 288 823 apud
314 764 607 806 Athenienses
627 764 747 820 ipsos
767 766 875 805 haec
896 764 1190 806 comitiorum
1215 780 1417 825 tempora

84 854 179 881 non
211 849 328 879 certa
349 851 400 877 ac
422 836 603 877 definita
628 850 772 892 neque
796 834 980 891 singulis
1011 837 1227 892 prytaniis
1261 844 1416 884 eadem

86 925 258 966 semper
279 908 414 950 fuisse
436 907 703 954 existimem,
728 921 831 947 cum
852 909 1057 947 recorder
1071 909 1282 951 festorum
1299 915 1418 967 apud

85 980 380 1025 Athenienses
409 978 773 1025 multitudinem,
819 992 931 1032 qnae
962 989 1081 1018 tanta
1113 979 1223 1028 fuit,
1257 993 1308 1022 ut
1339 999 1415 1025 eos

84 1055 337 1107 Xenophon
381 1052 518 1106 duplo
558 1051 709 1104 plura,
750 1063 885 1104 quam
923 1047 1032 1090 alios
1062 1050 1174 1091 ullos
1205 1053 1414 1096 homines

86 1126 194 1167 festa
229 1123 468 1163 celebrasse
498 1120 713 1168 affirmet,
758 1123 810 1161 ab
841 1119 936 1161 aliis
974 1131 1124 1162 autem
1153 1124 1415 1167 auctoribus

83 1198 171 1238 hoc
184 1193 282 1249 ipso
304 1191 490 1234 nomine
514 1190 722 1232 dicantur
738 1191 905 1234 πάντων
925 1190 1160 1248 ἀνθρώπων
1182 1193 1416 1252 εὐσεβέστα-

83 1269 251 1318 τοι24).
285 1267 428 1319 Atque
444 1262 742 1318 plurimorum
767 1263 900 1304 exhis
923 1275 1119 1319 tempora
1134 1267 1264 1308 nobis
1287 1268 1414 1325 igno-

84 1349 128 1380 ta
162 1348 278 1380 sunt.
338 1335 550 1376 Accidere
579 1346 727 1376 autem
758 1334 1015 1390 saepissime
1038 1349 1235 1392 poterat,
1268 1351 1343 1390 ut,
1377 1340 1417 1383 si

85 1407 332 1452 undecimo
364 1406 488 1447 verbi
522 1421 651 1448 causa
686 1418 764 1448 aut
794 1406 1016 1463 vigesimo
1045 1409 1232 1463 alicujus
1262 1419 1415 1464 pryta-⁴

84 1479 186 1522 niae
200 1478 273 1520 die
286 1476 467 1519 comitia
486 1478 677 1526 fuerant,
710 1477 890 1519 alterius
903 1479 1132 1534 prytaniae
1146 1482 1414 1525 undecimus

88 1550 184 1592 dies
206 1560 283 1590 aut
314 1546 560 1602 vigesimus
582 1548 720 1588 festus
751 1559 888 1596 esset,
921 1549 1112 1604 ideoque
1144 1552 1325 1592 comitia
1355 1554 1413 1596 iis

87 1622 246 1664 diebus
266 1617 418 1661 haberi
439 1631 533 1658 non
556 1630 750 1673 possent.
803 1620 936 1674 Quod
964 1619 1001 1660 si
1031 1621 1306 1673 conceditur,
1336 1640 1411 1667 ne-

87 1707 172 1748 que
203 1700 350 1746 potest
381 1688 529 1734 aliter,
573 1687 685 1729 illud
714 1693 804 1740 jam
836 1689 1073 1732 manifesto
1106 1695 1414 1748 consequitur,

82 1777 175 1805 non
205 1758 404 1817 potuisse
436 1770 606 1799 certum
636 1773 728 1800 esse
762 1771 805 1800 et
837 1759 1164 1803 immutabilem
1201 1765 1418 1808 comitio..¹

85 1848 185 1876 rum
205 1830 428 1875 ordinem.
489 1828 670 1871 Etenim
695 1834 781 1872 hoc
801 1830 986 1886 quidem
1007 1832 1126 1874 inter
1156 1849 1310 1877 omnes
1339 1852 1413 1879 sa-

85 1903 144 1945 tis
186 1911 381 1948 constat,
426 1911 626 1956 tempore
659 1901 796 1949 festo,
840 1916 972 1957 quam
1005 1906 1243 1961 ἱερομηνίαν
1275 1909 1415 1950 Grae-

84 1973 128 2016 ci
166 1973 445 2022 vocant2⁵)‚
499 1970 680 2027 negotia
733 1973 880 2020 nulla,
934 1989 1077 2032 neque
1126 1975 1176 2017 in
1214 1979 1410 2033 judiciis,

84 2059 231 2100 neque
298 2042 346 2083 in
416 2054 569 2084 senatu
640 2041 899 2085 comitiisve
974 2046 1151 2088 tractari
1208 2047 1407 2100 licuisse,

83 2115 176 2158 nisi
221 2114 257 2155 si
307 2127 390 2169 qua
442 2110 732 2162 incidissent,
787 2129 900 2170 quae
943 2119 997 2158 ad
1043 2117 1194 2173 ipsum
1239 2120 1408 2165 festum.

83 2186 371 2245 pertinerent.
432 2185 482 2224 Id
513 2187 837 2228 Demosthenes
869 2188 1023 2229 docet:
1056 2186 1248 2233 ἁπάντων
1278 2190 1405 2250 ὑμῶν,

134 2314 190 2358 24)
220 2310 391 2355 Xenoph.
424 2308 470 2343 de
495 2319 573 2353 rep.
601 2310 685 2345 Ath.
717 2312 787 2346 111.
819 2324 851 2347 2.
881 2311 938 2350 δεῖ
961 2313 1063 2359 (τούς
1088 2311 1198 2360 Ἀθ.)
1232 2316 1408 2363 ἑορτάσαι

85 2370 231 2418 ἑορταῖς,
267 2368 353 2406 ὅσας
389 2367 540 2414 οὗὸεμιά
566 2370 638 2406 τῶν
671 2369 892 2416 ἛἸληνίὸων
920 2370 1082 2408 πόλεων·
1116 2375 1155 2410 ἐν
1189 2373 1225 2410 δὲ
1256 2376 1408 2417 ταύταις

85 2427 200 2478 ἧττόν
216 2444 300 2468 τινα
321 2428 477 2465 δυνατόν
502 2429 576 2464 ἐστι
606 2427 902 2474 διαπράττεσθαι
924 2432 998 2467 τῶν
1026 2433 1089 2478 τῆς
1116 2435 1264 2472 πόλεως.
1294 2437 1344 2471 ib.
1369 2444 1404 2478 3.

86 2496 160 2528 Καὶ
180 2490 304 2537 ἄγουσι
321 2492 387 2536 μὲν
406 2488 535 2537 ἑορτάς
554 2487 765 2526 διπλασίους
784 2489 808 2535 ἥ
824 2489 864 2526 οἱ
877 2490 994 2527 ἄλλοι.
1037 2494 1096 2528 Cf.
1117 2495 1271 2530 Pausan.
1289 2498 1401 2533 Attic.

88 2563 167 2599 oap.
185 2565 238 2597 24.
266 2562 300 2597 3.

133 2623 192 2666 25)
213 2621 262 2655 cf.
288 2619 453 2655 Ducker.
479 2619 525 2655 ad
540 2617 708 2665 Thucyd.
732 2621 803 2655 III.
825 2632 856 2655 c.
877 2622 934 2666 56.
960 2620 1003 2659 αἱ
1016 2622 1084 2671 γάρ
1105 2623 1295 2671 {eptolenae
1310 2625 1406 2672 η’μέ·

87 2695 152 2728 ραι
176 2679 383 2727 ἱερομηνία
402 2679 611 2718 καλοῦνται.
643 2680 769 2717 Schol.
795 2683 993 2720 Demosth.
1021 2691 1058 2732 p.
1086 2697 1160 2722 102.
1184 2686 1310 2723 Reisk.

1075 2748 1116 2791 D
