1706 3058
275 84 357 128 504

273 192 572 248 praefuerant,
615 193 669 233 de
709 191 841 233 sacris
870 205 894 231 a
923 204 970 231 se
1000 189 1318 234 administratis
1355 194 1411 235 ad
1447 207 1585 250 popu.

271 265 365 305 lum
405 264 638 314 referrent,
682 272 726 304 et
763 263 963 320 querelae
999 262 1277 304 deferrentur
1315 263 1371 305 de
1408 263 1584 315 injuriis

268 351 346 392 per
371 335 535 376 festum
564 331 836 380 commissis,
879 333 933 373 de
965 347 1054 390 quo
1095 335 1381 390 querelarum
1411 348 1584 389 genere.

271 421 382 463 quae
430 407 629 460 προβολαί
675 403 958 454 dicebantur,
1016 406 1104 461 jam
1155 420 1284 462 supra
1331 404 1584 461 expositum

270 492 293 518 a
322 474 453 519 uobis
492 486 571 516 est.

351 544 499 588 Etiam
530 547 587 587 dc
615 547 870 589 sacerdotiis
897 561 993 590 earn
1026 547 1166 591 fuisse
1195 550 1360 604 populo
1390 557 1587 605 potesta..

269 631 384 667 tem,
425 627 476 658 ut
515 621 608 668 jura
652 631 806 660 eorum
847 630 890 660 et
929 619 1078 661 officia
1125 618 1462 675 praescriberet,
1516 617 1586 658 vel

267 702 408 731 unum
440 686 553 728 illud
585 690 768 743 probare
796 701 944 745 potest
973 689 1212 732 Alcibiadis
1235 689 1506 745 Psephisma,
1537 687 1587 729 in

268 763 519 814 Cynosarge
550 757 599 799 in
633 759 835 801 Herculis
880 762 980 802 fano
1023 762 1261 802 columnae
1302 758 1587 814 inscriptum,

265 837 391 886 cujus
422 843 519 887 pars
550 831 602 871 ab
634 831 860 873 Athenaeo
883 844 1051 874 servata
1074 831 1214 888 est²⁴).
1273 832 1486 872 Iubentur
1507 828 1589 870 illo

265 902 566 959 Psephismate
588 903 830 943 sacerdotes
852 917 955 944 curn
979 902 1187 944 Parasitis
1211 912 1437 944 menstrua
1459 913 1588 956 quae-

267 977 367 1016 dam
400 975 563 1020 facere‚
595 971 780 1013 Parasiti
813 986 962 1015 autem
992 988 1136 1015 unum
1168 988 1221 1014 ex
1251 970 1399 1014 nothis
1429 972 1589 1012 notho-

263 1060 419 1088 rumve
456 1042 604 1086 liberis
647 1055 876 1099 cooptare,
919 1056 984 1094 et,
1027 1043 1065 1085 si
1109 1044 1207 1100 quis
1247 1043 1360 1084 illud
1391 1041 1589 1084 sacerdo-

263 1116 379 1158 tium
407 1114 631 1170 suscipere
663 1126 856 1162 recuset,
904 1129 1006 1156 eum
1047 1114 1096 1155 in
1126 1119 1192 1167 jus
1219 1127 1391 1155 vocare.
1449 1115 1591 1170 Atque

266 1184 438 1230 etiamsi
480 1200 634 1228 verum
666 1196 754 1235 est,
800 1187 918 1241 quod
947 1201 1078 1242 supra
1108 1200 1180 1227 me
1210 1185 1355 1227 dicere
1385 1183 1590 1243 memini,

265 1256 523 1313 Psephisma
571 1255 682 1296 illud
722 1255 886 1297 rectius
931 1258 1075 1311 legem
1118 1256 1290 1310 (νόμον)
1331 1257 1588 1298 vocandum

265 1326 482 1382 fuisse²⁵)‚
525 1325 574 1367 id
612 1327 668 1368 ad
704 1329 840 1374 hanc,
880 1340 1014 1382 quarn
1055 1336 1312 1380 tractamus,
1349 1342 1444 1369 rem
1471 1327 1586 1370 nihil

263 1482 434 1517 oratione
457 1492 493 1526 p.
521 1489 600 1526 571.
650 1480 712 1513 De
736 1479 873 1514 ceteris
897 1491 958 1515 res
982 1482 1129 1516 ineerta
1153 1488 1233 1525 est,
1260 1482 1326 1517 sed
1349 1483 1431 1518 veri
1453 1488 1584 1517 tamen

261 1543 485 1583 simillima.-
523 1540 581 1575 Cf.
617 1551 715 1586 quae
747 1551 881 1586 supra,
918 1553 999 1588 cap.
1033 1544 1074 1575 V.
1110 1543 1185 1586 huj.
1219 1541 1303 1577 libr.
1327 1544 1386 1591 ⁸de
1417 1541 1584 1592 προβολῇ

264 1605 365 1639 dicta
381 1608 479 1638 sunt.

306 1689 366 1732 24)
393 1686 625 1729 Athenaeus,
651 1686 714 1719 VI.
742 1686 796 1720 26.
827 1685 873 1719 cf.
899 1687 1009 1720 Petit.
1033 1699 1068 1732 p.
1100 1688 1173 1733 163.

308 1784 367 1826 25)
395 1782 483 1825 Cap.
508 1791 540 1824 3.
567 1779 648 1812 init.
674 1797 718 1804 —
766 1780 920 1814 Exstant
945 1780 1073 1816 autem
1105 1781 1202 1826 apud
1230 1780 1467 1814 Athenaeum
1498 1779 1524 1812 l.
1557 1778 1581 1812 l.

262 1850 300 1879 et
324 1854 354 1876 c.
382 1853 435 1886 27.
463 1839 556 1872 aliae
582 1838 765 1884 quaedam
789 1839 835 1873 de
859 1841 1036 1874 Parasitis
1062 1842 1371 1882 constitutiones,
1399 1849 1496 1886 quae
1521 1837 1584 1872 de·

263 1908 408 1938 sumtae
441 1910 521 1934 esse
559 1899 736 1933 dicuntur
773 1898 812 1934 ἐκ
845 1899 918 1935 ταῖν
949 1900 1015 1936 τοῦ
1051 1901 1229 1939 Βασιλέως
1249 1901 1391 1946 νόμων,
1422 1911 1584 1946 quorum

263 1964 382 1999 Julius
408 1971 558 2006 quoque
575 1960 709 1993 Pollux
731 1959 924 2001 meminit,
950 1961 1020 1994 ΙΙΙ.
1046 1973 1090 2007 39
1116 1968 1152 1996 et
1176 1963 1238 1996 VI.
1265 1972 1320 2006 35.
1369 1961 1489 1994 Erant
1510 1959 1583 1994 hae

260 2026 364 2070 leges
390 2022 436 2055 de
469 2021 582 2054 sacris
613 2031 656 2054 ac
689 2019 945 2063 caerimoniis,
984 2033 1145 2067 quorum
1169 2033 1259 2055 cura
1282 2021 1329 2056 ad
1351 2020 1582 2071 Archontem

262 2087 409 2129 Regem
431 2080 655 2127 pertinebat.
705 2080 777 2115 Sed
801 2087 946 2124 errant,
974 2081 1037 2127 qui
1059 2082 1139 2116 huc'
1156 2083 1326 2116 referunt
1361 2082 1476 2116 etiam
1498 2080 1582 2117 τοῦς

261 2143 471 2192 paulimus·
494 2141 647 2185 νόμους,
674 2142 773 2187 apud
796 2143 1108 2186 Xenophontem,
1147 2143 1290 2177 Oecon.
1316 2143 1412 2177 XIV.
1440 2143 1473 2177 6.
1523 2141 1580 2176 Ibi

263 2206 364 2239 enim
389 2214 465 2236 non
478 2201 623 2236 Atticae
642 2202 825 2248 quaedam
848 2203 952 2248 leges
977 2203 1163 2248 designari
1186 2203 1277 2238 milii
1301 2203 1487 2245 videntur,
1512 2202 1579 2238 sed

261 2276 387 2299 mores
421 2262 603 2306 ejusmodi
639 2269 752 2308 atque
785 2263 977 2306 instituta,
1022 2264 1153 2310 quibus
1187 2275 1298 2309 reges
1328 2262 1383 2297 uti
1418 2263 1577 2304 soleant,

262 2328 462 2360 Persarum
484 2323 668 2366 maxime,
695 2335 856 2369 quorum
875 2325 987 2360 etiam
1004 2331 1092 2358 ante
1116 2324 1341 2359 meminerat
1364 2323 1577 2369 aliquoties,

261 2384 444 2431 imprimis
469 2395 545 2427 cap.
574 2384 634 2416 IV.
662 2383 774 2417 Ludit
797 2391 924 2419 autem
950 2385 1213 2420 Ischomachus
1250 2384 1364 2428 (hunc
1397 2383 1501 2421 enim
1523 2383 1581 2418 lo-

263 2452 440 2492 quentem
465 2443 634 2488 Xenoph.
667 2444 772 2487 facit)
799 2451 837 2479 et
871 2452 1068 2492 postquam
1091 2445 1274 2480 Draconis
1299 2456 1339 2480 se
1363 2454 1408 2480 ac
1429 2445 1576 2481 Solonis

260 2506 406 2551 legibus
432 2505 485 2538 uti
511 2503 600 2536 dixit
623 2503 668 2536 ad
692 2503 855 2540 familiae
879 2518 966 2540 suae
990 2506 1236 2552 disciplinam,
1263 2517 1362 2539 nunc
1385 2503 1576 2550 persequi-

260 2574 342 2600 tur:
371 2577 446 2599 non
477 2564 535 2598 his
569 2564 691 2598 solum
724 2570 832 2607 utor,
867 2562 932 2600 sed
965 2567 1077 2613 regiis
1111 2577 1280 2612 quoque;
1317 2575 1452 2610 regum
1474 2562 1575 2610 enim

262 2638 406 2662 morem
430 2625 579 2669 imitor,
612 2624 701 2661 dum
733 2637 810 2661 non
841 2627 973 2673 poenis
1002 2633 1148 2664 tantuin
1172 2638 1194 2660 a
1216 2625 1361 2661 delictis
1385 2624 1572 2667 deterreo,
1632 2656 1639 2661 .
