1706 3058
1342 127 1424 184 195

94 229 319 273 tissimum
349 233 441 270 erat
471 237 699 270 oratorum
727 237 986 272 nostrorum
1017 228 1220 285 tempore
1250 229 1426 284 inillis

89 299 468 352 mercenariorum
506 298 705 340 militum
750 300 965 348 ducibus,
1016 300 1092 356 qui
1132 314 1233 342 cum
1275 317 1424 359 neque

90 387 114 415 a
128 369 601 428 republicapecuniam
621 368 671 409 in
694 369 969 425 stipendium
992 370 1256 427 acciperent,
1276 387 1424 429 neque

87 441 188 484 sine
217 440 447 497 stipendio
477 439 642 481 milites
675 440 905 483 continere
928 454 1128 498 possent,
1158 442 1421 485 necessitate

89 513 234 557 coacti
264 514 319 554 ad
348 513 529 568 praedas
558 510 823 567 rapinasque
853 512 1080 553 faciendas
1111 528 1157 554 se
1188 526 1419 556 converte-

88 587 210 627 bant.
269 583 479 641 Denique
511 584 634 625 illam
671 597 856 639 quoque
888 587 1135 640 εἰσαγγελίαν
1167 585 1303 628 fuisse
1335 599 1415 643 pm*

87 667 159 704 ως
192 669 277 712 qua
306 654 353 696 in
383 654 540 711 populi
569 652 788 708 judicium
820 654 967 696 vocati
991 667 1095 697 sunt
1114 657 1266 698 decem
1298 669 1417 713 prae4

86 737 202 769 tores
231 735 409 783 propoer
438 727 681 780 neglectam
713 726 912 768 militum
943 728 999 768 ad
1028 726 1268 782 Arginusas
1299 727 1420 771 insu·

88 796 149 840 Ias
181 798 433 840 occisorum
474 797 828 852 sepulturam⁷⁵).

172 869 319 911 Etiam
351 870 618 925 legatorum,
657 866 736 923 qui
771 879 847 908 aut
877 867 972 909 sine
1003 862 1183 924 publica
1215 870 1419 912 auctori-⁷·

88 950 178 981 tate
208 938 476 995 legationem
513 949 823 994 susceperant,
864 950 939 980 aut
979 939 1028 981 in
1070 940 1419 984 administranda

88 1006 335 1066 legatione,
386 1009 576 1066 pecunia
607 1008 808 1064 corrupti
839 1022 914 1051 aut
945 1010 1028 1051 alia
1062 1026 1327 1068 quacunque
1362 1015 1419 1054 de

87 1095 216 1125 causa
247 1080 518 1137 reipublicae
549 1082 784 1122 commoda
818 1074 1102 1138 neglexerant
1142 1094 1274 1139 atque
1310 1099 1420 1139 pro-

87 1153 320 1204 diderant,
372 1164 447 1194 aut
490 1151 537 1193 in
579 1151 880 1194 renuntianda
929 1153 1151 1210 legatione
1199 1157 1419 1210 populum

85 1223 329 1267 mendaciis
360 1223 408 1264 in
441 1224 643 1265 fraudem
674 1223 956 1273 induxerant,
989 1226 1149 1266 horum
1181 1225 1317 1281 igitur
1347 1229 1420 1268 de'·

86 1288 195 1356 licta
219 1309 308 1351 ‚per
339 1298 588 1352 εἰσαγγελίαν
619 1293 779 1335 deferri
811 1294 1037 1351 potuisse,
1070 1308 1223 1339 auctor
1252 1309 1320 1339 est
1347 1298 1422 1340 in-·

86 1371 157 1408 ter
185 1365 293 1407 alios
324 1365 582 1414 Aeschines,
624 1365 700 1422 qui
732 1366 779 1407 in
811 1365 1014 1408 oratione
1059 1369 1114 1408 de
1153 1369 1260 1409 falsa
1299 1370 1420 1425 lega-

89 1438 215 1479 tione
254 1436 316 1477 ita
355 1435 600 1491 alloquitur
638 1439 1014 1479 Demosthenem:
1066 1439 1420 1496 Πρεσβεύσαντος,

89 1506 262 1564 inquit,
303 1509 406 1561 ἐμοῦ
434 1507 510 1560 τὴν
548 1510 685 1564 τρίτην
725 1507 805 1561 ἤδη
846 1512 1067 1564 πρεσβείαν
1105 1513 1171 1553 ἐπὶ
1200 1510 1245 1554 τὸ
1275 1513 1420 1556 κοινὸν

93 1584 174 1622 ταῖν
201 1576 520 1633 Ἀμφικτυόνων
550 1602 606 1609 -·
635 1584 788 1636 τολμᾷς
817 1597 865 1633 με
895 1581 1045 1635 λέγειν,
1078 1579 1132 1631 ὥς
1164 1581 1214 1625 οὗ
1243 1597 1427 1638 χειροτοέ

87 1651 234 1704 νηθεὶς
257 1648 434 1706 ᾠχόμην,
466 1649 611 1705 ἐχθρὸς
633 1648 669 1692 δ’
693 1648 751 1692 ὧν
778 1650 894 1692 οὔπω
915 1652 983 1693 καὶ
1004 1651 1181 1708 τήμερον
1202 1654 1423 1709 τεθέληκᾶς

90 1737 140 1774 με
171 1723 411 1775 εἰσαγγεῖλαι
440 1710 934 1777 παραπρεσβεύσανταῃ).
1010 1725 1068 1763 Et
1096 1727 1422 1768 Demosthenes

92 1797 273 1847 quoque
295 1789 579 1846 delegatione
599 1792 654 1832 ad
666 1790 929 1848 Philippum
949 1802 993 1834 et
1013 1795 1126 1836 male
1139 1806 1258 1850 gesta
1271 1798 1323 1838 ab
1340 1800 1424 1839 Ae-

90 1860 244 1903 schine
263 1871 307 1901 et
328 1847 444 1904 male'
464 1861 939 1920 renunciataloqu‘enS,
973 1866 1053 1917 καὶ,
1077 1864 1240 1922 inquit,·
1273 1871 1371 1926 e'cvyg
1386 1886 1425 1913 u

91 1936 173 1976 ταῖν
205 1933 499 1989 προσηκόντων
529 1936 692 1990 ἐγίνετο,
726 1937 769 1977 ἐν
801 1938 1025 1993 εἰσαγγελίᾳ
1052 1935 1178 1979 πάλαι
1208 1935 1259 1980 ἂν
1295 1935 1348 1994 ἦν
1360 1943 1425 1991 ⁷⁸).·

92 2004 261 2046 Eodem
281 2001 470 2044 crimine
489 2016 566 2058 per
585 2008 833 2062 εἰσαγγελίαν
859 2015 1090 2046 accusatus
1115 2018 1181 2048 est
1202 2010 1253 2049 ab
1274 2011 1425 2066 Hype.

93 2073 190 2116 ride
208 2072 483 2117 Philocrates
515 2085 560 2116 et
583 2073 631 2115 in
652 2075 835 2118 exilium
861 2076 1075 2130 actus⁷⁹);
1098 2088 1142 2118 et
1153 2077 1432 2137 Timagoras,-

94 2144 242 2202 quiin
265 2143 488 2202 legatione
511 2146 779 2188 aPersar'um
802 2161 903 2204 rege
921 2159 1159 2203 corruptus
1190 2159 1295 2199 erat,
1327 2165 1430 2194 reus

140 2264 201 2310 76)
236 2262 410 2308 Xenoph.
439 2261 594 2296 Hellen.v
622 2264 654 2298 Ι,-
683 2274 761 2308 cap.
793 2275 826 2309 7.
858 2263 892 2307 ἓ.
927 2275 960 2310 3.
991 2275 1071 2311 sqq.
1101 2266 1188 2300 Fuit
1215 2273 1342 2302 autern
1359 2268 1428 2303 ho·

94 2332 184 2359 rum‘
205 2323 394 2362 accusatio
423 2329 461 2358 et
487 2323 672 2366 judicium
704 2322 995 2359 tumultuarium
1023 2329 1062 2358 et
1088 2332 1243 2370 praeter
1267 2337 1428 2366 consue.·

97 2392 180 2420 tum
214 2396 374 2419 morem.

143 2457 202 2501 77)
239 2452 411 2488 Aeschin.
439 2452 487 2488 de
521 2453 603 2487 fals.
629 2453 703 2498 leg.
729 2464 765 2498 p.
791 2442 877 2499 506.-

144 2523 206 2568 78)
231 2521 431 2557 Demosth.
451 2522 498 2556 de
521 2522 602 2557 fals.
628 2522 702 2567 leg.
728 2534 764 2567 p.
791 2533 869 2568 374.

147 2590 208 2639 79)
234 2590 410 2625 Aeschin.
436 2590 523 2627 adm
548 2589 781 2636 ctesxphont.
809 2601 843 2636 p.
871 2602 950 2637 470.
977 2593 1016 2627 et
1038 2591 1119 2640 47'3.
1145 2592 1194 2629 cf.
1223 2594 1424 2634 Demostl'z‘:

101 2649 136 2684 a.
162 2649 190 2684 f.
218 2650 242 2684 1.
269 2660 304 2695 p.
333 2651 411 2695 376.
783 2654 785 2657 ·
845 2664 848 2665 ν

1073 2716 1149 2757 02
