1706 3058
1357 116 1381 130 μ

1330 132 1410 175 1³9

91 232 177 272 CX.
210 228 251 271 5.
282 242 369 284 quo
401 240 521 268 anno
550 228 810 281 Eponymus
849 235 942 266 erat
978 225 1283 270 Chaerondas;
1322 224 1412 267 illia

90 312 239 343 autem
270 297 423 349 annis,
458 296 603 353 primo
644 307 687 337 et
715 298 912 338 secundo
951 298 1082 352 hujus
1118 293 1412 352 Olympiadis,

87 371 316 427 Eponymi
348 379 496 417 eraut,
525 369 774 409 secundum
806 370 982 421 Fastos,
1014 369 1343 423 Theophrastus
1372 378 1415 408 et

90 441 439 496 Lysimachides.
471 464 526 473 —
585 439 745 481 Xenias
769 438 964 495 denique
982 438 1239 480 nominatur
1268 453 1292 479 a
1312 440 1415 482 Plu-

90 516 268 564 tarcho,
306 515 378 554 vel
421 510 624 568 quisquis
664 511 701 553 is
744 523 830 561 est,
873 510 951 566 qui
992 512 1146 551 decem
1187 521 1414 552 oratorum

90 585 202 626 vitas
250 583 539 639 conscripsit,
593 583 642 623 in
695 581 1002 639 Hyperide³'):
1057 583 1332 637 Γραψάμενος
1370 582 1414 624 δὲ

92 656 138 711 (ὅ
162 655 402 712 ““Τπερίδης)
443 655 517 709 τήν
555 645 781 704 Φωκίωνος
819 653 1002 709 δωρεάν,
1039 653 1092 707 ἤν
1122 653 1208 697 εἷπε
1239 655 1419 703 Μειδίας

90 732 277 773 Μειδίου
310 726 612 783 ’Λναγῡράσιος
641 729 706 770 ἐπὶ
734 728 880 773 Ξενίου
918 726 1166 780 ”Αρχοντος,
1209 731 1418 780 Γαμηλιῶ-

91 819 165 850 νος
184 799 337 858 ἓβδόμῃ
363 801 602 852 φθίνοντος,
639 797 809 854 ἡττήθη.
868 799 989 838 Haec
1021 812 1043 838 e
1072 796 1420 853 praescriptione

88 870 406 927 Psephismatis
439 868 628 911 Midiani
660 885 767 918 esse,
799 868 910 910 mihi
943 868 1125 925 quidem
1155 869 1252 910 veri
1282 869 1418 911 simi]-

89 943 250 985 Jimum
280 941 471 983 videtur.
508 945 558 982 In
589 939 726 982 Fastis
758 953 908 981 autem
939 950 1040 980 ante
1065 941 1240 997 Olymp.
1274 942 1419 984 CXIV.

89 1013 131 1056 5.
161 1027 249 1070 quo
281 1027 397 1054 anno
430 1011 544 1053 obiit
574 1011 822 1067 Hyperides
853 1010 984 1052 simul
1014 1025 1117 1052 cum
1148 1015 1420 1053 Demosthe-

89 1100 169 1134 ne,
201 1086 352 1126 nullus
383 1095 449 1125 est
469 1082 646 1135 Xenias,
677 1084 755 1124 sed
775 1083 1089 1136 septemdecim
1110 1085 1291 1125 demum
1319 1094 1422 1140 post

92 1155 242 1205 annis,
284 1157 463 1212 Olymp.
499 1156 686 1198 CXVIII.
718 1156 760 1198 4.

176 1226 318 1283 Igitur
356 1226 402 1267 hi
445 1241 623 1274 omnes,
668 1225 747 1281 qui
787 1229 1062 1269 Archontum
1100 1227 1287 1270 nomine
1317 1231 1423 1271 Pse-

90 1297 324 1355 phismatis
355 1296 620 1354 praescripti
650 1309 777 1348 sunt,
808 1312 910 1340 cum
941 1299 989 1340 in
1019 1299 1156 1342 Fastis
1188 1311 1264 1341 aut
1291 1301 1423 1356 plane

93 1384 186 1412 non
216 1370 515 1426 reperiantur,
556 1380 633 1410 aut
662 1380 780 1410 certe
809 1384 903 1410 non
935 1369 990 1411 iis
1021 1371 1172 1421 annis,
1215 1373 1271 1412 ad
1311 1386 1424 1428 quos

92 1441 171 1482 illa
199 1441 502 1497 Psephismata
541 1440 769 1481 referenda
801 1452 928 1490 sunt,
969 1456 1022 1482 ex
1053 1443 1288 1486 Dodwelli
1320 1458 1426 1484 sen-

94 1511 236 1554 tentia
259 1526 339 1567 pro
359 1510 567 1567 Epistatis
593 1510 786 1552 habendi
818 1522 933 1569 sunt.
983 1510 1155 1554 Mirum
1184 1528 1288 1555 sane
1308 1529 1427 1557 com-

96 1628 259 1673 Philippi
292 1629 495 1663 imminere
537 1628 749 1671 videretur,
793 1629 1094 1663 Demosthenem
1127 1630 1255 1675 legem
1292 1633 1427 1668 tulisse

96 1688 226 1722 scribit
249 1687 498 1722 Philochorus
524 1690 597 1733 (ap.
623 1689 780 1733 Dionys.
803 1689 887 1723 Hal.
914 1690 1034 1734 Epist.
1062 1691 1108 1724 ad
1126 1693 1360 1728 Ammaeum.
1385 1708 1423 1741 p.

100 1762 175 1794 ¹24·
202 1750 393 1795 Sylburg.)
419 1748 506 1784 ναῦς
528 1749 692 1794 πληροῦν
709 1754 774 1785 καὶ
797 1748 846 1785 τοὶ
870 1748 963 1785 ἄλλα
988 1749 1144 1798 ἐνεργεῖν
1159 1753 1207 1788 τά
1226 1752 1294 1788 τοῦ
1317 1757 1427 1791 πολέ-

92 1823 179 1855 μου.
228 1810 319 1844 Veri
340 1810 471 1855 itaque
489 1810 724 1851 simillimum
747 1817 817 1852 est,
844 1811 979 1844 eodem
1001 1817 1174 1856 tempore
1200 1815 1314 1850 etiam
1330 1817 1426 1852 illud
1457 1801 1460 1805 Ι

92 1872 218 1906 ,latum
253 1883 335 1906 esse
371 1871 419 1906 de
451 1873 570 1906 muris
601 1872 830 1906 reficiendis.
889 1873 1121 1917 Insequente
1151 1881 1280 1909 autem
1310 1889 1423 1921 anno,

101 1933 253 1977 Olymp.
282 1933 356 1967 CX.
385 1946 416 1968 2.
442 1934 634 1967 Archonte
664 1932 948 1979 Lysimachide,
983 1946 1070 1968 cum
1108 1947 1236 1970 omnes
1260 1941 1428 1984 republi—

101 2005 167 2027 cae
190 1994 375 2038 pecuniae
399 1994 500 2027 bello
525 1995 601 2036 jam
622 2006 700 2028 non
712 1994 825 2028 dubio
851 1996 1088 2029 necessariae
1111 1997 1345 2043 viderentur,
1377 2002 1427 2037 ταῖ

102 2055 169 2100 μὲν
193 2054 279 2102 ἔργα
301 2052 350 2089 τοὶ
371 2059 457 2098 περὶ
481 2051 565 2090 ’τούς
597 2057 806 2090 νεωσοίκους
836 2059 898 2089 καὶ
930 2053 996 2099 τήν
1028 2057 1253 2103 σκευοθήκην
1286 2058 1428 2107 ‹2²¹3ssAE-

102 2114 211 2150 λοντο
237 2112 296 2149 ὃιοὶ
321 2112 387 2149 τὸν
411 2113 576 2160 πόλεμον
598 2114 666 2151 τᾶν
688 2115 781 2160 necis·
805 2116 1004 2152 Φίλιππον.
1055 2119 1187 2163 Itaque
1211 2119 1307 2153 illud
1333 2134 1426 2167 quo-

103 2186 178 2220 que
201 2186 397 2210 murorum
424 2176 719 2211 reficiendorum
733 2188 824 2221 opus
837 2176 995 2210 dilatum
1021 2189 1102 2212 esse
1125 2178 1287 2222 videtur,
1315 2188 1351 2215 et
1363 2183 1426 2228 qui

101 2238 184 2279 ejus
208 2242 400 2271 curatores
418 2238 535 2272 creati
552 2244 678 2280 erant,
704 2238 818 2271 dilato
844 2244 882 2272 et
897 2239 1122 2284 imperfecto
1148 2251 1275 2284 opere,
1302 2253 1428 2288 neque

101 2298 278 2332 abierunt
301 2309 482 2341 munere,
518 2310 643 2344 neque
666 2298 828 2333 rationes
852 2300 1123 2344 reddiderunt,
1155 2303 1319 2348 ideoque
1343 2316 1427 2339 eve-

102 2359 184 2403 Vnit,
209 2365 252 2393 ut
276 2358 576 2401 Demosthenes,
612 2360 676 2404 qui
690 2371 784 2394 unns
805 2367 884 2395 erat
903 2373 946 2396 ex
974 2365 1221 2406 curatoribus,
1252 2376 1338 2398 cum
1359 2367 1429 2400 iui-

105 2419 199 2453 isset
221 2431 357 2454 munus
383 2420 445 2454 Ol.
474 2421 550 2454 CX.
581 2432 612 2454 2.
638 2420 746 2454 initio
774 2424 874 2465 (nam
895 2422 956 2456 01.
985 2424 1060 2457 CX.
1083 2433 1115 2458 1.
1135 2424 1181 2458 ad
1199 2425 1316 2460 finem
1341 2429 1428 2462 anni

111 2487 258 2516 creatus
285 2481 380 2524 erat)
406 2480 527 2515 adhuc
554 2481 706 2526 Olymp.
735 2483 810 2516 CX.
838 2495 870 2527 5.
896 2494 1027 2517 mense
1050 2485 1327 2530 Pyanepsionffi
1356 2501 1428 2535 qno

108 2549 280 2586 tempore
312 2543 388 2576 lata
421 2547 478 2575 est
512 2541 765 2586 Ctesiphontis
790 2545 851 2581 lex
876 2544 922 2579 de
947 2555 992 2579 eo
1026 2548 1262 2592 coronando,
1305 2554 1430 2594 Τειχο-

111 2600 216 2638 ποιός
244 2609 360 2645 esset,
384 2603 515 2637 Aesch.
542 2603 566 2636 1.
594 2603 619 2636 1.
646 2614 682 2649 p.
707 2616 787 2649 400.

156 2672 215 2718 37)
242 2673 349 2706 Tom.
384 2673 434 2707 ΙῘ,
460 2684 497 2718 p.
526 2677 604 2716 850.
