1706 3058
290 102 313 117 .-

259 107 343 150 204

257 215 459 264 videtur,
497 224 550 256 nt
591 227 638 254 ea
678 207 902 254 accusatio
931 208 1114 266 publice
1156 207 1442 253 mandaretur
1473 209 1584 268 qui-'-

257 288 466 332 busdam,
498 298 644 338 neque
685 292 997 338 expectaretur,
1032 283 1174 324 donec
1207 281 1368 337 aliquis
1399 280 1577 337 privato

258 356 444 398 consilio
479 369 574 396 cam
613 352 878 408 susciperet,
917 362 1145 407 propterea
1187 353 1306 407 quod
1336 355 1579 395 verendum

259 440 373 474 erat,
422 443 477 468 ne
510 425 574 465 illi
608 423 790 466 interim
822 424 924 478 fuga
954 425 1140 464 salutem
1183 434 1462 479 quaererent,
1506 433 1584 466 aut

257 498 404 554 aliqua
437 496 633 544 ratione,
675 495 810 551 gratia
845 503 920 534 aut
947 492 1159 549 pecunia,
1204 504 1498 542 accusatores,
1544 491 1583 534 si

258 568 333 625 qui
369 578 530 617 essent,
561 581 584 608 a
616 565 800 608 consilio
831 575 1090 607 revocarent
1120 575 1252 622 atque
1284 564 1345 606 ita
1376 563 1584 620 impunes

256 638 447 681 abirent.

341 712 478 751 Porro
511 709 544 750 ii
577 723 754 765 quoque
784 713 974 764 προβολῇ
1001 705 1181 748 obnoxii
1205 707 1341 747 fuisse
1359 707 1584 756 dicuntur,

258 781 337 839 qui
380 779 732 837 argentifodinas
772 778 972 835 publicas
1023 780 1135 820 clam
1185 787 1460 829 exercerent,
1511 786 1588 818 aut

257 852 428 908 aliquid
461 854 643 892 demum
675 866 726 891 ex
756 849 948 906 publicis
988 848 1236 890 rationibus
1269 848 1417 905 aliquo
1448 849 1586 889 modo

259 923 709 978 depeculareutur¹‘);
751 921 860 977 quin
902 923 1058 963 Pollux
1095 922 1155 961 ita
1195 919 1416 977 loquitur,
1461 916 1588 973 quasi

255 994 306 1036 in
337 1009 490 1035 omnes
521 992 729 1046 omnino,
772 991 851 1049 qui
883 995 996 1033 male
1028 995 1234 1033 adversus
1266 988 1590 1045 rempublicam

255 1064 442 1107 animati
475 1075 642 1112 essent,
677 1077 724 1104 ea
757 1062 874 1105 actio
909 1062 1088 1104 institui
1121 1062 1408 1119 potuerit¹⁶)‚
1440 1073 1589 1116 neque

254 1135 305 1177 id
336 1135 430 1177 veri
470 1134 688 1176 dissimile
729 1133 925 1177 videtur.

343 1208 429 1249 Sed
459 1205 690 1247 notissima
722 1205 927 1247 omnium
960 1216 1003 1246 et
1044 1205 1388 1247 celebratissima
1430 1215 1497 1246 est
1540 1218 1591 1247 ea

250 1282 463 1335 προβολῆς
493 1275 686 1331 species,
738 1291 822 1331 qua
854 1278 907 1316 de
937 1275 1142 1327 injuriis,
1175 1291 1254 1331 per
1293 1277 1403 1317 festa
1445 1278 1589 1319 solen-

254 1350 353 1396 nia,
399 1345 752 1393 Eleusiniorum,
793 1344 1116 1398 Dionysiorum
1150 1346 1322 1402 aliaque
1352 1349 1404 1389 ab
1435 1347 1586 1403 aliquo

256 1418 527 1466 commissi5‚
548 1419 771 1473 querelam
795 1417 916 1471 apud
939 1417 1156 1471 populum
1177 1420 1590 1468 moveresolebant.

258 1495 406 1544 Hujus
428 1491 539 1530 duae
561 1489 691 1543 leges,
723 1501 993 1542 quamquam
1016 1501 1107 1527 non
1129 1486 1340 1544 integrae,
1373 1504 1395 1530 a
1425 1493 1592 1533 Demo-

259 1566 421 1605 sthene
452 1569 651 1606 servatae
682 1568 810 1606 sunt,
843 1572 974 1614 quas,
1009 1557 1222 1615 quoniam
1254 1560 1505 1616 plurimum
1536 1563 1593 1603 ad

191 1686 196 1687 ⁷
259 1649 355 1677 rem
394 1630 701 1674 illustrandam
752 1627 948 1677 faciunt,
1002 1628 1152 1670 visum
1202 1642 1268 1672 est
1309 1619 1417 1687 ipsis
1449 1631 1593 1674 verbis

261 1704 521 1748 describere.
580 1703 642 1741 Ac
672 1700 793 1755 prior
824 1698 1007 1755 quidem
1038 1701 1107 1741 lex
1141 1703 1248 1742 haec
1281 1711 1370 1744 est:

355 1774 458 1824 Τοὺς
502 1772 731 1829 Πρυτάνεις
770 1779 907 1814 ποιεῖν
950 1774 1165 1825 ἐκκλησίαν
1206 1776 1248 1815 ἐν
1293 1773 1503 1816 Διονύσου
1543 1780 1595 1832 τῇ

260 1847 457 1903 ’ὖστεραία
484 1849 566 1886 ταῖν
609 1846 816 1886 Πανδίων.
849 1845 892 1886 ἒν
924 1844 967 1886 δὲ
996 1843 1119 1902 ταύτῃ
1150 1849 1401 1900 χοηματίζειν
1430 1861 1594 1900 πρωτον

263 1919 338 1974 μὲν
369 1918 463 1971 περὶ
493 1917 636 1970 ἴεριόν·
668 1915 801 1956 ἔπειτα
829 1914 900 1963 τὰς
930 1918 1140 1969 προβολὰς
1169 1914 1504 1971 παραδιδότωσαν
1523 1916 1595 1967 τὰς

263 2008 352 2047 γεγε
338 1990 534 2044 ενημίνας
573 2003 693 2029 evena
729 1991 802 2039 τῆς
841 1990 1008 2039 πομπῆς
1047 2004 1073 2038 η
1118 2003 1198 2028 των
1236 1984 1408 2042 ἀγώνων
1438 1989 1481 2030 ἐν
1510 1994 1595 2039 τοῖς
1634 1999 1641 2005 ’·

266 2062 532 2111 Διονυσίοις,
585 2056 676 2100 ὅσαι
706 2055 756 2099 ἂν
787 2054 889 2111 μήε
874 2058 997 2099 anter·
1002 2071 1072 2111 mee
1065 2058 1144 2099 ’ναι
1175 2053 1286 2101 οἷσιν.

347 2134 492 2175 Altera
524 2139 674 2170 autem
694 2130 822 2168 haec:

355 2203 577 2259 Εὐήγορος
609 2200 741 2244 εἶπεν·
785 2198 880 2242 ὅταν
920 2198 948 2253 ἡ
988 2201 1131 2255 πομπὴ
1173 2196 1202 2256 ᾗ
1240 2207 1298 2259 τῷ
1329 2201 1520 2260 Διονύσῳ
1552 2203 1596 2245 ἔν

271 2282 459 2332 Πειραιεῖ
497 2276 566 2316 καὶ
607 2276 648 2315 οἷ
683 2273 875 2329 κωμῳδοὶ
913 2274 981 2313 καὶ
1024 2275 1066 2315 οἱ
1104 2275 1326 2331 τραγῳδοὶ,
1366 2276 1436 2316 καὶ
1464 2271 1491 2328 ἡ
1531 2275 1598 2317 ἐπὶ

315 2424 374 2467 15)
400 2421 552 2465 Taylor.
579 2420 703 2455 Praef.
737 2419 782 2454 ad
806 2421 917 2454 Dem.
956 2431 1010 2453 or.
1036 2420 1076 2454 in
1100 2420 1196 2456 Mid.
1235 2433 1272 2468 p.
1298 2422 1378 2467 563.
1403 2433 1438 2467 4.
1465 2433 1510 2457 ex
1534 2434 1596 2457 ac·

273 2494 366 2519 cess,
393 2482 441 2517 ad
465 2483 647 2526 Harpocr.
690 2480 821 2515 inedit.

320 2575 378 2617 16)
404 2575 507 2608 VIII.
535 2573 591 2618 46.
619 2572 796 2618 Προβολή
821 2571 858 2609 δὲ
881 2571 906 2618 ἤ
928 2573 1050 2620 κλῆσις
1073 2571 1122 2613 εἷς
1145 2571 1247 2620 δῖκην
1270 2574 1365 2612 nard
1388 2574 1464 2613 τῶν
1487 2570 1597 2613 κακό-

272 2647 340 2671 νιυς
365 2634 455 2679 πρός
479 2632 545 2671 τὸν
579 2631 697 2679 δῆμον
730 2632 976 2678 διακειμένιυν.
1289 2657 1293 2660 -
