1706 3058
1352 73 1436 130 269

109 176 281 217 trahere
321 172 550 224 videatur,
606 173 852 230 odiumque
897 189 979 230 pro
1028 173 1174 230 gratia·
1215 174 1430 219 inveniat.

105 250 170 289 lta
210 245 378 288 factum
417 256 508 295 est,
548 256 599 287 ut
638 246 822 287 Athenis
861 260 992 287 nemo
1024 245 1155 288 istius
1184 246 1232 288 in
1261 247 1434 305 legibus

104 316 302 358 ferendis
354 316 560 358 licentiae
600 318 764 358 vindex
811 316 1038 369 existeret3
1090 332 1236 373 neque
1277 317 1433 362 inanes

105 399 233 430 erant
252 383 571 430 Demosthenis
591 389 794 444 querelae
805 389 882 440 ⁴⁶):
913 389 1192 444 ψηφισμάτων
1213 388 1432 433 οὕδοτιοῦν

34 468 45 476 “
104 463 372 516 διαφέρουσιν
404 463 447 502 οἷ
470 460 615 514 νόμοι·
645 457 744 502 ἀλλὰ
773 459 967 513 νεώτεροι
999 462 1041 501 οἱ
1066 460 1208 514 νόμοι,
1240 459 1336 505 καθ’
1357 462 1432 512 οῧς

99 531 151 574 τὰ
178 535 424 586 ψηφίσματα
463 534 528 574 δεῖ
563 530 822 587 γράφεσθαι,
866 531 947 573 τῶν
984 532 1264 587 ψηφισμάτων
1295 532 1432 577 αὐτῶν

98 600 196 657 ὖμῖν
228 605 342 646 εἰσίν.
1265 619 1268 621 ’

185 675 290 714 Non
311 671 450 727 igitur
469 671 639 714 mirum
662 682 742 720 est,
775 683 944 715 tantam
967 676 1201 731 paullatim
1221 677 1429 721 effectam

97 758 190 786 esse
219 745 372 800 legum
402 744 766 792 multitudinem,
799 759 910 800 quae
941 757 1031 787 tota
1061 747 1266 803 pernosci
1298 765 1322 790 a
1353 764 1429 791 ne·

95 817 220 858 mine
252 815 381 856 facile
421 825 591 870 posset,
643 815 838 871 ideoque
879 819 1040 859 multas
1081 819 1273 861 subinde
1314 818 1428 862 irre-

95 887 242 945 psisse
294 886 536 928 contrarias
584 886 704 927 inter
749 901 795 928 se
833 899 878 928 et
923 902 1242 946 repugnantes3
1293 894 1429 943 unde,

92 965 189 1014 jure
235 956 492 1014 saepissime
550 958 746 1005 incerto,
803 960 1210 1014 perniciosissimos
1260 978 1428 1006 errores

93 1030 269 1086 aliaque
300 1028 587 1070 incommoda
617 1027 811 1084 plurima
840 1029 888 1069 in
919 1030 1151 1073 civitatem
1182 1036 1429 1076 redundare

91 1115 285 1145 necesse*
306 1110 411 1141 erat.
474 1101 603 1140 Hanc
633 1102 685 1141 ab
719 1115 910 1154 causam,
945 1116 1047 1143 cum
1080 1105 1430 1147 Thesmothetae

91 1173 169 1216 isti
201 1170 383 1228 negotio
413 1174 500 1222 jam
530 1184 621 1211 non
653 1170 844 1227 amplius
885 1186 1010 1227 pares
1041 1185 1209 1222 essent,
1253 1179 1428 1218 Demo-

91 1243 259 1287 sthenis
298 1252 436 1283 aetate
486 1241 625 1282 creari
666 1244 867 1283 solebant
910 1254 1028 1284 extra
1067 1245 1293 1295 ordinem,
1344 1247 1424 1303 qui

90 1329 247 1358 omnes
279 1311 499 1366 ejusmodi
522 1314 638 1368 leges
661 1312 911 1368 seligerent,
942 1313 1159 1355 nimirum
1177 1327 1225 1356 ut
1254 1321 1423 1373 populo

86 1395 470 1443 proponerentur,
516 1384 660 1439 deque
688 1384 901 1426 tollendis
933 1384 1052 1434 aliis,
1095 1386 1193 1428 aliis
1224 1389 1424 1430 retinen-

93 1458 158 1499 dis
197 1456 549 1510 statueretur⁴⁷).

133 1620 194 1664 46)
219 1619 311 1654 Adv.
338 1621 488 1665 Leptin.
524 1632 562 1665 p.
596 1624 677 1664 485.
715 1618 763 1654 de
794 1619 871 1653 Ioci
907 1619 1158 1665 explicatione
1189 1623 1264 1658 vid.
1301 1625 1418 1662 Wolf.

87 1692 123 1726 p.
158 1692 238 1725 3¹0·

131 1766 190 1812 47)
219 1766 324 1799 Unus
355 1765 466 1808 huius
499 1765 559 1798 rei
590 1764 697 1798 testis
731 1770 790 1798 est
823 1763 1104 1799 Demosthenes
1144 1765 1226 1802 adv.
1263 1769 1414 1815 Leptin.

87 1827 112 1860 1.
140 1827 165 1860 l.
191 1828 265 1862 Καὶ
289 1822 359 1873 γοῖρ
382 1840 442 1862 τοι
468 1824 552 1862 τότε
574 1826 641 1871 μέν
668 1825 706 1869 (i.
735 1836 769 1858 e.
804 1825 893 1859 dum
929 1826 1077 1860 Solonis
1109 1827 1283 1863 instituta
1315 1832 1420 1865 vale--

83 1887 189 1929 bant)
215 1889 304 1923 τέως
329 1886 454 1930 (scrib.
483 1886 558 1922 ἕως.
584 1885 656 1919 hae
679 1886 836 1920 voculae
868 1887 982 1921 etiam
1015 1887 1107 1922 alibi
1130 1900 1152 1922 a
1175 1891 1307 1925 scribis
1329 1904 1415 1937 per—

84 1953 300 1988 mutantur,
326 1953 368 1979 ut
393 1945 550 1990 Olynth.
578 1958 609 1980 2.
635 1958 672 1991 p.
703 1946 756 1981 16.
784 1959 839 1994 29.
867 1948 962 1981 Ben.
997 1959 1052 1991 24.
1079 1948 1124 1983 R.
1151 1950 1217 1983 ubi
1240 1951 1416 1987 Reiskius

84 2009 199 2042 hahet
223 2010 332 2049 τέως,
360 2007 423 2040 alii
447 2007 588 2041 rectius
622 2007 703 2049 ἕως)
738 2007 806 2043 τᾶν
828 2005 970 2053 τρόπον
993 2008 1127 2045 τοῦτον
1150 2008 1416 2056 ἐνομοθέτουν,

84 2069 157 2115 (his
181 2068 307 2101 verbis
334 2066 593 2111 ἕως-ἒνομοθ.
619 2068 827 2113 explicatur
849 2068 943 2102 illud
975 2067 1078 2116 τότε)
1103 2071 1180 2106 τοῖς
1202 2071 1271 2115 μὲν
1291 2071 1418 2119 :51:642—

79 2145 182 2176 χουσι
206 2127 335 2174 νόμοις
358 2128 530 2173 ἐχρῶντο,
556 2128 702 2164 καινούς
725 2126 758 2164 δ’
781 2125 848 2165 ουίε
873 2130 1056 2166 ἐτίθεσαν.
1106 2127 1258 2176 Ἐπειδή
1283 2130 1321 2168 δὲ
1340 2133 1416 2169 τῶν

79 2192 375 2235 πολιτευομένων
397 2189 490 2223 τινὲς
513 2186 752 2232 δυνηθέντες,
779 2187 827 2226 οἷς
849 2187 918 2236 ἐγώ
941 2190 1204 2236 πυνθάνομαι,
1226 2193 1417 2230 κατεσκό-

80 2266 148 2289 σαν
171 2249 296 2286 αὕτοῗς
319 2248 456 2291 ἐξεῖναι
478 2249 722 2294 νομοθετεῖν,
757 2247 849 2286 ὅταν
880 2261 936 2287 τις
965 2249 1165 2295 βούληται,
1199 2259 1260 2288 καὶ
1294 2252 1337 2290 ὅν
1367 2256 1414 2291 ἂν

77 2311 167 2358 τύχῃ
190 2309 353 2357 τρόπον·
378 2307 548 2344 τοσοῦτοι
572 2308 640 2351 μὲν
663 2305 704 2342 οἱ
718 2307 879 2344 ἐναντίοι
897 2313 1018 2355 σφίσιν
1043 2307 1168 2347 αὖτοῖς
1192 2315 1260 2348 εἶσὶ
1286 2313 1420 2360 νόμοι,“

80 2370 172 2409 ὥστε
203 2370 444 2414 χειροτονεῖτε
480 2366 582 2412 iude
617 2367 699 2405 τούς
733 2366 967 2411 διαλέξοντας
997 2370 1083 2409 vonis
1123 2371 1310 2411 ἐναντίους
1346 2375 1410 2411 ἐπὶ

77 2431 281 2478 πάμπολυν
304 2427 374 2473 ἤδη
398 2425 549 2474 χρόνον,
583 2432 644 2463 καὶ
676 2427 720 2464 ‘to'
750 2429 904 2475 πρᾶγμα
938 2429 1043 2468 οὐδὲν
1072 2431 1219 2478 μᾶλλον
1254 2432 1410 2471 δύναται

24 2524 27 2526 .
78 2497 193 2538 πέρας
215 2492 336 2535 σχεῖν,
362 2503 393 2525 a.
419 2502 453 2523 τ.
479 2489 512 2524 λ.
539 2490 669 2524 Nolim
692 2501 780 2524 cum
811 2491 976 2535 Wolfio,
1012 2505 1049 2538 p.
1084 2505 1164 2539 διο.
1190 2505 1259 2539 pro
1284 2509 1411 2540 χειρο-

77 2557 219 2591 τονεῖτε
249 2550 460 2586 rescribere
492 2549 762 2596 ἐχειροτονεῖτε.
827 2552 1011 2586 Praesens
1043 2560 1193 2600 tempus
1235 2555 1309 2589 hoc
1342 2556 1407 2590 de·

76 2615 225 2660 signare
247 2612 415 2656 videtur,
441 2618 639 2657 receptum
665 2611 782 2647 fuisse
805 2612 872 2648 illa
895 2619 1020 2649 aetate
1043 2625 1132 2650 eum
1153 2627 1323 2658 morem,
1363 2623 1403 2650 ut
