1706 3058
238 152 314 178 XVI

237 253 422 289 eeteros·
444 245 641 286 valerent
655 245 713 294 *).
784 243 996 283 Senatum
1032 251 1182 284 autern
1222 241 1572 300 multiplicavit,¹

238 316 564 376 quinquagenis
586 328 609 354 e
627 311 813 367 singulis
834 310 1038 353 tribubus
1059 311 1344 354 Senatoribus
1374 314 1557 364 sortitis,

236 400 291 430 ut
319 386 639 428 universorum
671 395 881 424 numerus
914 381 1164 424 efficeretur
1198 383 1559 440 quingentorum.

235 455 552 516 Quinquageni
575 464 721 495 autem
757 451 822 493 illi
853 451 1202 509 uniuscujusque
1239 450 1379 495 tribus
1417 457 1559 497 Sena-

234 541 351 572 tores
373 527 591 569 decimam
614 524 718 566 anni
742 534 909 580 partem
933 525 1111 565 Senatui
1136 523 1422 580 comitiisque
1437 542 1556 581 prae-

232 601 456 647 sidebant,
496 600 736 650 Prytanum
774 609 852 650 per
895 591 944 633 id
972 604 1148 650 tempus
1189 593 1372 636 nomine
1415 595 1558 654 insig-

232 671 345 718 niti;
387 681 560 725 tempus
592 678 739 707 autem
764 662 889 717 illud,
922 662 1191 705 tricenorum
1215 662 1453 720 quinorum
1480 676 1558 707 aut

232 756 468 789 senorum,
499 751 579 794 pro
601 735 770 776 lunaris
794 732 899 774 anni
924 735 1083 783 modo,
1117 735 1313 782 dierum,
1348 735 1556 788 Prytania

233 811 564 861 dicebatur**).
623 805 935 849 Praesidebant
967 816 1115 846 autem
1141 804 1341 862 singulae
1372 808 1556 846 Senato-

228 899 332 926 rum
355 881 493 923 tribus
511 893 602 920 non
627 887 746 918 certo
771 875 963 932 quodam
986 885 1030 915 et
1050 873 1232 916 definito
1264 875 1445 924 ordine,
1477 878 1554 918 sed

232 971 301 1007 eo,
322 953 400 1011 qui
413 961 538 995 -sorte
557 946 786 990 evenisset.
827 947 911 988 Sed
928 948 1140 998 Prytanes
1162 943 1248 1001 ipsi
1269 961 1453 988 munera
1473 959 1569 990 sua..

229 1042 323 1070 non
338 1024 473 1067 simul
488 1034 656 1066 omnes,
682 1020 755 1060 sed
769 1030 846 1073 per
867 1015 986 1058 vices
1011 1014 1210 1065 obibant,
1235 1015 1282 1057 in
1305 1015 1458 1073 quinas
1481 998 1558 1059 de·x
1590 1012 1593 1015 “

229 1097 373 1141 curias
405 1105 523 1138 sorte
543 1089 782 1142 distributi,
813 1104 997 1145 quarum
1020 1087 1217 1144 singulae
1238 1098 1440 1144 septenos
1460 1087 1553 1131 dies

228 1167 413 1224 reliquis
437 1162 645 1207 omnibus
664 1159 999 1217 praesidebant,
1029 1170 1074 1200 et
1100 1157 1321 1214 praesides
1349 1173 1392 1197 vi
1424 1154 1554 1214 πρόε-

228 1239 391 1296 δροιειῦ
424 1250 471 1276 re
501 1232 844 1290 appellabantur.
904 1230 986 1272 His
1014 1240 1165 1271 autem
1197 1226 1468 1285 praesidibus
1500 1225 1554 1270 ad

227 1309 426 1366 singulos
439 1321 462 1347 e
475 1302 668 1361 septenis
683 1302 774 1344 dies
793 1301 957 1357 singuli
970 1312 1199 1357 praeerant
1210 1299 1433 1356 Epistatae
1446 1299 1554 1342 item

225 1391 343 1423 sorte
368 1376 516 1432 ducti,
546 1389 679 1432 penes
699 1387 805 1430 quos
837 1371 944 1413 arcis
977 1384 1020 1413 et
1050 1371 1207 1414 aerarii
1237 1372 1380 1413 claves
1415 1381 1550 1413 eran&

228 1477 284 1485 ...
321 1454 415 1492 Jam
449 1460 556 1488 vero
588 1444 808 1501 praesides
838 1443 903 1484 illi
937 1457 1036 1484 cum
1074 1441 1276 1498 Epistata
1306 1436 1354 1482 in
1387 1444 1552 1484 Senatu

226 1535 272 1567 et
307 1517 506 1564 comitiis
550 1531 617 1558 res
663 1515 972 1557 consultandas
1009 1513 1344 1567 proponebant,
1384 1523 1428 1553 et
1468 1504 1548 1554 ubi

225 1578 332 1623 satis
375 1585 466 1617 erat
499 1568 817 1627 disceptatum,
861 1572 1044 1611 Senatus
1074 1568 1350 1623 populumve
1378 1567 1426 1608 in
1456 1568 1552 1609 suf.-

225 1648 417 1707 fragium
449 1642 699 1687 mittebant.
759 1642 844 1683 Sed
881 1639 1078 1691 adjuncti
1112 1637 1168 1679 iis
1203 1647 1327 1679 crant
1361 1650 1412 1677 ex
1449 1634 1551 1678 reli⁴

226 1722 326 1781 quis
366 1731 534 1760 novem
577 1712 807 1761 tribubus,
850 1726 1038 1767 quarum
1078 1724 1172 1751 non
1213 1717 1306 1749 erat
1345 1720 1398 1748 eo
1436 1716 1550 1748 tem-

221 1807 328 1852 pore
350 1786 580 1842 Prytania‚
611 1782 776 1840 singuli
801 1781 911 1830 viri,
943 1783 995 1822 ab
1027 1780 1225 1835 Epistata
1255 1788 1373 1820 sorte
1405 1776 1563 1827 ducti,'

223 1863 302 1922 qui
325 1872 367 1904 et
389 1858 478 1915 ipsi
500 1855 686 1898 Proedri
709 1854 1052 1909 appellabantur,
1086 1865 1305 1907 suumque
1327 1850 1549 1891 habebant

221 1930 576 1991 Epistatam***)
600 1937 642 1970 et
663 1939 853 1984 quorum
874 1922 1078 1966 officium
1100 1933 1203 1971 erat,
1236 1920 1387 1962 videre
1413 1931 1464 1962 ut
1495 1919 1546 1962 in

266 2045 301 2087 *)
328 2042 481 2076 Aristot.
507 2036 618 2072 Polit.
645 2036 708 2069 VI.
737 2047 768 2069 c.
795 2046 828 2078 4.
855 2032 966 2066 Plura
995 2031 1069 2066 vid.
1099 2031 1188 2065 infr.
1223 2030 1289 2064 lib.
1314 2031 1385 2065 ΙΙΙ.
1402 2046 1448 2056 -—-·
1474 2031 1546 2065 Ce-

309 2110 438 2138 terum
459 2100 629 2134 tribuum
647 2095 802 2129 nomina
819 2099 856 2126 et
879 2092 970 2126 ordo
990 2092 1084 2126 haec
1104 2098 1208 2125 sunt:
1236 2087 1446 2135 Ἐρεχθηΐς,
1477 2087 1548 2126 Αἶ-

312 2163 410 2211 γηΐς,
447 2155 668 2195 Πανδιονίς,
701 2156 877 2195 Aeonis,
905 2154 1138 2197 Ακαμαντίς,
1167 2147 1313 2194 Οἷνηΐς,
1346 2149 1546 2195 Κεκροπίσ,

309 2220 607 2262 Ἱπποθοωντίς,
632 2213 808 2256 Alanis,
835 2210 1033 2255 Ἀντιοχίς.
1067 2223 1100 2243 v.
1126 2210 1272 2243 Corsin.
1300 2207 1338 2243 F'.
1368 2211 1411 2243 A.
1441 2209 1542 2243 Diss.

310 2285 382 2319 111.
397 2294 433 2315 n.
447 2280 479 2313 6.
501 2285 539 2313 et
552 2279 613 2311 IV.
629 2289 665 2310 n.
686 2288 716 2310 2.
729 2286 783 2319 sq.
797 2272 916 2317 Biagi,
936 2271 982 2305 de
1001 2272 1155 2305 Decret.
1169 2269 1253 2303 Ath.
1267 2280 1298 2303 c.
1311 2268 1395 2303 XII.
1412 2269 1442 2312 §-
1459 2279 1494 2312 3.

251 2353 316 2397 .**)
343 2349 425 2384 Vid.
461 2359 605 2392 argum,
644 2358 674 2379 2.
706 2344 816 2377 Dein.
849 2352 902 2375 or.
932 2339 1011 2373 adv,
1049 2339 1200 2372 Androl.
1238 2349 1274 2382 p.
1302 2347 1379 2383 590.
1413 2331 1539 2372 Reisk.

309 2412 412 2449 Suid.
432 2423 460 2444 s.
484 2421 517 2443 v.
538 2405 750 2451 πρυτανεία.
788 2403 1044 2448 Quamquam,
1070 2398 1171 2445 quod
1187 2410 1209 2432 a
1230 2394 1343 2431 Suida
1366 2393 1541 2436 traditur,

309 2473 501 2520 priores
535 2472 743 2512 quatuor
781 2462 971 2508 prytanias
1012 2461 1075 2504 56,
1116 2458 1280 2503 reliquas
1314 2465 1358 2500 55
1393 2453 1542 2488 dierum

308 2534 425 2569 fuisse
447 2529 511 2574 (cf.
536 2525 682 2561 Corsin.
703 2522 739 2558 F.
764 2524 804 2557 A.
825 2523 924 2557 Diss.
949 2523 1018 2555 ΙΙΙ.
1040 2534 1077 2554 n.
1108 2520 1180 2562 28.)
1210 2529 1286 2552 non
1315 2511 1438 2549 minus
1470 2514 1538 2548 fal·

308 2605 390 2629 sum
409 2597 484 2633 est,
511 2599 622 2634 quam
649 2585 749 2631 quod
777 2583 821 2616 de
850 2579 1020 2626 α’νιίρχοις
1046 2578 1199 2626 ἡμέραις
1227 2583 1266 2611 et
1293 2573 1537 2621 ἀρχαιρεσίαις

310 2655 355 2689 ah
373 2652 478 2686 istius
505 2646 719 2693 argumenti
739 2650 894 2678 auctore
910 2641 1107 2675 adseritur.
1140 2638 1212 2672 vid.
1232 2636 1295 2671 lib.
1318 2649 1350 2671 2.

263 2724 334 2768 *Ἢ
351 2724 568 2767 Harpocran.
586 2729 613 2753 s.
628 2728 660 2751 v.
681 2709 874 2761 ἐπιστάτῃς
884 2715 922 2747 et
935 2708 1056 2746 vales.
1069 2720 1105 2757 p.
1126 2719 1180 2755 72.
1199 2706 1342 2743 Pollux.
1352 2701 1457 2741 vm.
1474 2703 1532 2750 9⁶«
