1706 3058
288 104 368 149 268

281 212 330 254 in
369 211 647 255 Timocratea
686 215 824 268 leges.
876 214 931 254 de
966 211 1126 269 quibus
1169 210 1315 252 dicere
1355 223 1600 265 coeperam,

279 296 474 345 vetustas
505 299 622 332 esse,
655 283 791 339 idque
814 285 1136 325 Demosthenes
1158 281 1254 337 ipse
1273 289 1470 322 testatur.
1524 279 1600 322 Ait

281 356 426 398 enim:
458 349 571 399 οὗτοι
599 354 747 405 πάντες
777 358 818 397 οἷ
844 355 965 408 νόμοι
993 362 1144 397 κεῖνται
1173 352 1303 395 πολύυ
1331 352 1411 406 ἤδη
1438 349 1599 406 χρόνον,

281 431 349 472 καὶ
387 434 531 481 πεῖραν
571 423 704 469 αὐτῶν
743 426 938 475 πολλάκις
975 424 1224 476 δεδώκασιν,
1271 424 1330 467 ὅτι
1370 425 1601 477 συμφέρον-

279 518 343 550 τες
372 497 468 552 ὑμῖν
499 497 678 553 ει’σίν“).
738 499 823 539 Sed
854 495 1108 553 paullatim,
1140 507 1191 538 ut
1220 510 1351 550 supra
1382 499 1471 546 jam
1493 491 1600 541 dixi.

275 572 351 612 illa
365 583 544 626 quoque
555 568 703 624 legum
717 569 998 609 ferendarum
1014 565 1124 607 ratio
1147 565 1392 608 invaluisse
1406 565 1601 617 videtur,

275 654 342 691 ut,
374 637 1082 698 quemadmodumPsephismata‚
1116 637 1176 678 ita
1196 639 1312 694 leges
1345 651 1521 694 quoque
1551 636 1601 677 in

276 711 473 756 comitiis
501 721 546 751 et
576 724 664 766 quo
696 709 884 766 quisque
917 709 1052 750 vellet
1081 718 1280 764 tempore
1310 709 1363 748 ab
1394 708 1598 749 universo

275 784 455 842 populo
483 784 764 834 juberentur3
806 792 849 822 et
886 777 1061 823 Solonis
1099 778 1182 819 ista
1222 779 1276 819 de
1317 777 1602 827 Nomothetia

274 865 522 914 praecepta.
555 867 826 909 quamquam
854 866 946 893 non
970 849 1151 892 rescissa
1185 860 1228 889 et
1258 862 1481 899 revocata,
1513 865 1602 891 sae—

273 925 457 985 pissime
488 935 634 965 tamen
675 924 875 979 neglecta
913 933 957 964 et
996 920 1180 976 migrata
1221 925 1406 976 sunt⁴⁵).
1465 922 1602 977 Quod

273 1001 468 1045 malum,
502 1006 554 1037 ut
583 995 717 1037 semel
749 992 1147 1049 in‘rempublicam
1178 991 1432 1048 irrepserat,
1466 1002 1602 1032 exter·

271 1069 435 1112 minari
465 1082 557 1109 non
586 1065 713 1108 facile
733 1064 895 1121 potuit.
954 1067 1033 1106 Est
1063 1062 1183 1104 enim
1214 1062 1262 1102 in
1295 1061 1601 1103 democraticis

271 1138 618 1197 rebuspublicis‚
650 1138 823 1193 qualem
853 1146 954 1191 post
976 1135 1141 1175 bellum
1172 1132 1602 1188 Peloponnesiacum

270 1210 560 1256 Athenienses
590 1210 862 1253 habuerunt,
895 1220 1006 1262 quae
1037 1219 1130 1245 non
1163 1204 1385 1259 aequabili
1416 1216 1459 1246 et
1489 1216 1600 1246 tem·

271 1293 425 1340 petato
478 1280 594 1321 inter
643 1277 822 1319 ordines
885 1281 1004 1327 jure,
1068 1277 1144 1316 sed
1191 1275 1334 1330 plebis
1395 1275 1599 1317 domina-

269 1355 394 1397 tione
433 1359 660 1397 constant‚
713 1347 786 1387 illa
825 1346 950 1403 quasi
990 1346 1202 1387 naturalis
1244 1356 1287 1385 et
1327 1344 1464 1388 insita
1514 1363 1599 1403 pe..

269 1424 374 1472 stis,
406 1434 455 1464 ut
485 1433 629 1461 mores
661 1418 861 1474 quamvis
891 1431 1080 1473 pravos,
1120 1418 1198 1457 sed
1229 1415 1307 1472 qui
1338 1419 1482 1473 plebi,
1521 1417 1596 1460 cui

272 1509 425 1538 omnes
456 1490 624 1535 servire
656 1499 899 1546 coguntur,
942 1487 1114 1543 accepti
1153 1487 1244 1528 sint
1283 1491 1466 1544 ejusque
1500 1493 1598 1541 jura

271 1576 484 1622 augeant,
516 1564 634 1603 haud
665 1562 757 1603 fere
787 1558 1024 1617 quisquam
1053 1558 1189 1602 libere
1227 1558 1488 1615 impugnare
1517 1573 1600 1600 au..

273 1639 396 1689 fleat,
435 1650 492 1676 ne
532 1633 747 1677 videlicet
786 1631 930 1688 plebis
966 1630 1177 1688 potestati
1208 1629 1414 1673 invidere
1444 1642 1490 1672 et
1519 1633 1597 1672 de·-

274 1724 550 1747 ——k—

315 1794 377 1838 44)
404 1790 602 1826 Demosth.
629 1789 709 1824 adv.
736 1789 940 1823 Timocrat.
966 1800 1002 1833 p.
1029 1800 1108 1834 707.

316 1863 378 1908 45)
409 1861 509 1895 Huic
540 1859 773 1900 sententiae,
815 1869 927 1903 quam
960 1857 1162 1902 proposui,
1197 1857 1326 1902 legum
1358 1856 1399 1889 in
1434 1855 1597 1890 comitiis

272 1937 295 1959 a
317 1922 456 1969 populo
480 1919 727 1964 iubendarum
749 1929 897 1952 morem
920 1918 1177 1951 recentiorem
1210 1929 1316 1959 esse,
1350 1916 1594 1951 Nomotheta-

271 1996 359 2020 rum
396 1988 524 2016 autem
558 1980 728 2015 officium
764 1981 841 2024 jam
875 1978 1081 2024 antiquitus
1125 1990 1146 2012 a
1187 1978 1326 2012 Solone
1366 1976 1594 2019 institutum,

270 2056 423 2092 prorsus
448 2043 636 2078 contraria
659 2047 746 2075 sunt
779 2052 845 2083 ea,
881 2051 977 2086 quae
1001 2039 1181 2082 wolfius,
1213 2038 1387 2082 Prolegg.
1414 2037 1461 2070 ad
1484 2037 1593 2081 Lept.

271 2119 307 2152 p.
343 2105 549 2140 CXXXIII.
588 2115 668 2149 sqq.
705 2101 843 2136 docuit.
900 2103 1021 2134 Tanta
1051 2100 1125 2133 fuit
1156 2099 1254 2144 apud
1287 2109 1350 2132 me
1381 2097 1487 2131 istius
1520 2097 1593 2130 ‘viri

271 2166 470 2203 auctoritas
485 2190 494 2207 ‚
531 2171 670 2210 quanta
691 2163 791 2208 apud
814 2174 944 2196 omnes
971 2173 1053 2196 esse
1077 2160 1199 2195 debet.
1255 2159 1443 2194 Dubitare
1465 2158 1512 2192 de
1536 2159 1594 2192 in-

271 2235 471 2264 ventorum
503 2236 675 2259 meorum
700 2223 860 2257 veritate
898 2224 1027 2268 coepi,
1070 2233 1229 2267 remque
1256 2219 1358 2254 haud
1398 2219 1515 2254 semel
1547 2219 1594 2254 ad

271 2300 426 2326 examen
452 2285 637 2321 revocavi.
687 2285 760 2319 Sed
785 2294 857 2329 quo
884 2282 1100 2327 diligentius
1135 2290 1173 2317 et
1204 2282 1322 2328 ipsam
1346 2279 1531 2314 rationem
1555 2285 1595 2314 et

271 2358 464 2385 oratorum
488 2345 704 2380 testimonia
726 2344 930 2389 perpendi,
958 2356 1002 2378 co
1028 2343 1146 2389 magis
1168 2353 1365 2388 persuasus
1389 2351 1486 2383 sum,
1510 2350 1594 2374 rem

268 2414 324 2446 ita
357 2421 460 2451 esse,
494 2413 536 2440 ut
567 2406 675 2439 initio
709 2405 800 2439 mihi
833 2417 916 2439 esse
947 2407 1026 2440 visa
1059 2411 1149 2439 erat.
1209 2405 1343 2448 Itaque
1366 2401 1593 2435 sententiam

268 2484 413 2512 meam,
454 2479 566 2515 quam
600 2467 705 2511 potui
737 2465 1014 2500 accuratissime
1048 2464 1254 2509 expositam
1284 2469 1323 2497 et
1357 2461 1591 2508 argumentis

268 2533 475 2579 probatam,
503 2527 735 2562 eruditorum
754 2527 891 2569 judicio
910 2528 1060 2561 tradere
1085 2537 1160 2559 non
1178 2526 1319 2557 veritus
1344 2535 1437 2558 sum.
1487 2521 1592 2556 Wol-

269 2596 319 2628 fio
346 2591 500 2638 quidem
523 2587 697 2631 injuriam
722 2587 910 2630 facerem,
948 2589 976 2621 si
1011 2598 1099 2622 eum
1121 2592 1295 2632 putarem
1318 2582 1590 2619 dissensionem

272 2662 395 2688 meam
421 2661 533 2697 aegre
559 2650 723 2682 laturum
759 2658 851 2682 csse.
