1706 3058
1337 80 1417 129 523

100 201 345 248 postremos
376 187 482 229 anni
512 185 679 229 lunaris
698 186 814 235 dies,
846 200 872 227 a
898 187 1029 227 XXVI
1058 185 1111 226 ad
1132 189 1265 229 XXIX
1293 204 1422 235 mene

99 247 161 304 eis
192 257 629 311 Scirrhophorionis,
671 258 927 315 ἀρχαιρεσίας
966 256 1109 298 dictos
1151 273 1266 307 esse,
1314 265 1419 318 quia

98 320 170 373 ‘his
213 330 368 372 diebus
405 327 684 384 magistratus
725 328 861 370 creati
893 328 1006 375 sint,
1049 330 1095 368 id
1135 331 1202 370 vel
1241 345 1421 388 propter

99 405 215 444 hanc
252 416 387 443 unam
427 413 602 441 causam
641 399 789 441 cuivis
829 399 1018 440 maxime
1060 401 1245 444 dubium
1276 403 1421 448 videri

100 483 304 529 oportet,
345 472 467 527 quod
510 469 643 510 etiam
680 471 854 526 ἄναρχον
893 472 1048 512 eodem
1084 473 1321 527 quatriduo
1353 477 1423 519 ci-

100 542 308 590 vitatem,
342 541 436 583 sine
467 541 832 597 magistratubus,
872 540 967 583 sine
999 545 1166 585 Senatu
1197 560 1246 586 ac
1274 549 1422 601 Pryta-

99 613 233 656 nibus
276 611 413 653 fuisse
454 613 597 653 docet.
668 612 802 669 Atqui
841 616 927 655 hoc
974 614 1210 657 manifesto
1263 618 1424 664 falsum

100 700 217 733 esse,
256 685 517 736 jamdudum
555 684 609 726 ab
653 683 749 725 aliis
790 683 1067 727 intellectum
1109 688 1251 742 θείω),
1311 691 1424 733 Vide

95 755 261 813 igitur,
293 770 350 797 ne
380 769 469 796 una
500 770 605 797 cum
637 755 945 796 commentitia
976 757 1057 798 ista
1089 758 1260 817 ἀναρχίᾳ
1288 761 1425 805 etiam

99 828 352 885 ἆρχαιρεσιάι
390 836 613 870 corruant.
692 825 920 868 Nimirum
970 831 1212 870 Graeculus
1259 844 1421 882 noster,

100 914 204 941 cum
234 909 404 939 veteres
443 896 726 953 magistratus
767 898 1006 952 quatriduo
1039 912 1141 942 ante
1170 901 1278 944 novi
1319 904 1424 946 anni

99 970 285 1012 initium
311 983 496 1010 munera
529 983 606 1009 sua
636 969 894 1024 deposuisse
925 972 1136 1025 crederet,
1177 988 1319 1016 novos
1351 992 1424 1018 au·

99 1053 193 1083 tem
210 1039 260 1081 in
282 1053 438 1081 eorum
459 1041 610 1081 locum
643 1053 734 1081 non
754 1051 856 1082 ante
876 1040 982 1082 anni
1013 1041 1290 1098 principium
1321 1061 1424 1090 suc-

100 1114 257 1155 cedere
287 1109 444 1152 solitos
484 1125 579 1151 esse
609 1109 873 1165 accepisset,
921 1111 1031 1167 quid
1062 1112 1184 1155 aliud
1223 1114 1309 1157 isto
1342 1133 1423 1160 suo
1478 1115 1481 1121 ’

101 1182 336 1242 quatriduo
369 1182 551 1231 faceret,
583 1180 670 1222 nisi
703 1195 848 1222 novos
881 1184 1163 1240 magistratus
1201 1191 1424 1253 &populo

99 1253 237 1297 creari
281 1254 566 1295 decerneret?
615 1251 857 1307 Aptissimo
896 1269 1001 1295 sane
1045 1267 1268 1312 tempore,
1321 1275 1425 1316 quo,

101 1325 349 1369 secundum
381 1321 735 1365 Grammaticum
766 1334 992 1375 nostrum,
1018 1340 1076 1366 ne
1107 1327 1290 1370 comitia
1322 1331 1426 1386 qui-

103 1399 204 1439 dem
243 1393 395 1436 haberi
436 1404 691 1448 potuerunt.
761 1395 920 1435 Nullos
962 1395 1084 1437 enim
1124 1399 1422 1455 magistratus,

100 1469 247 1511 nullos
279 1467 524 1512 Senatores,
558 1465 703 1505 nullos
734 1466 942 1517 Prytanes
968 1467 1105 1509 fuisse
1128 1468 1253 1513 dicit.
1314 1473 1429 1529 Quis

101 1539 245 1596 igitur
275 1534 545 1578 convocavit
574 1537 818 1591 populum,
862 1536 961 1592 quis
991 1540 1185 1594 praefuit
1213 1543 1426 1593 comitiis,

101 1609 201 1669 quis
234 1606 407 1663 rogavit
447 1604 761 1662 magistratus?
820 1609 1121 1652 Archontesne
1161 1624 1238 1655 aut
1267 1617 1429 1668 Pryta-

101 1681 210 1724 nes‘?
271 1682 388 1734 Ergo
434 1680 515 1718 hos
563 1677 711 1718 adhuc
752 1678 879 1736 fungi
917 1681 1179 1725 muneribus
1211 1687 1425 1741 oportuit,

102 1767 250 1809 neque
281 1750 456 1804 ἄναρχος
484 1761 577 1788 esse
608 1746 767 1788 civitas
798 1750 959 1805 potuit.
1019 1752 1153 1806 Vide,
1194 1771 1326 1812 quam
1358 1773 1429 1799 se-

103 1839 208 1867 cum
246 1821 342 1878 ipse
385 1830 554 1875 pugnet
602 1820 938 1865 Grammaticus,
975 1849 1030 1855 -
1105 1829 1214 1875 Sed,
1261 1827 1426 1884 inquit,

103 1893 265 1937 fefellit
292 1893 462 1933 bonum
492 1888 641 1930 virum
673 1890 785 1932 ratio
816 1890 865 1932 in
895 1909 960 1944 eo,
996 1899 1115 1952 quod
1143 1898 1428 1955 magistratus

106 1979 158 2008 eo
188 1975 389 2018 tempore
420 1959 559 2002 fuisse
588 1972 734 2016 negat,
767 1963 845 2017 qui
875 1980 922 2006 re
951 1980 1053 2008 vera
1083 1969 1286 2011 fuerunt:
1313 1985 1454 2012 num‘

105 2045 339 2093 propterea
369 2029 517 2072 statim
550 2029 664 2071 illud
693 2047 870 2089 quoque
901 2036 1061 2078 falsum
1093 2049 1177 2091 est,
1208 2041 1326 2095 quod
1357 2040 1428 2081 di..

106 2106 193 2158 cit,
232 2117 376 2146 novos
406 2101 684 2158 magistratus
715 2119 767 2145 eo
805 2106 1042 2162 quatriduo
1074 2112 1283 2153 creandos
1314 2111 1429 2153 fuis-

106 2177 187 2220 se?
247 2179 408 2218 Annon
439 2176 526 2215 hoc
554 2175 709 2215 saltem
748 2190 799 2217 ex
829 2178 948 2220 bono
980 2179 1128 2236 aliquo
1165 2183 1289 2224 fonte
1317 2185 1427 2225 hau-

105 2259 229 2290 stum
261 2260 352 2287 esse
383 2255 554 2301 potest,
579 2244 763 2298 ,etiamsi
795 2248 908 2290 illud
937 2251 1121 2293 alterum
1153 2267 1232 2310 pro
1263 2269 1342 2297 suo
1363 2270 1428 2297 ca-

154 2365 213 2408 62)
240 2364 365 2409 Sigon.
401 2363 448 2397 de
477 2364 574 2409 Rep.
610 2364 695 2398 Ath.
733 2366 782 2400 II.
811 2378 892 2412 cap.
925 2378 959 2412 3.
992 2380 1028 2414 p.
1054 2370 1133 2414 560.
1166 2371 1353 2406 Dodwell.
1382 2373 1429 2406 de

110 2425 258 2470 Cyclis,
290 2424 389 2458 Diss.
416 2425 446 2458 I.
485 2431 575 2459 sect.
601 2437 634 2471 9.
662 2431 699 2459 et
732 2438 782 2461 ιο.
821 2428 966 2463 Corsin.
998 2430 1039 2463 F.
1072 2432 1114 2464 A.
1148 2431 1244 2466 Diss.
1279 2434 1329 2466 II.
1364 2445 1426 2467 no,

111 2495 165 2529 15.
194 2486 265 2519 ΙΙΙ.
291 2495 354 2518 no.
379 2490 435 2524 28-
474 2487 654 2520 Ceterum
692 2487 940 2522 Grammatici
974 2497 1227 2526 commentum
1258 2493 1304 2526 ad
1328 2494 1428 2527 solos

109 2543 382 2590 χειροτονητοιῖε
406 2545 648 2580 referendum
672 2549 820 2592 putavi,
855 2549 1032 2596 quoniam
1055 2552 1248 2597 κληρωτῶν
1273 2554 1428 2587 creatio·

107 2615 197 2639 nem
221 2601 449 2649 ἆρχαιρεσιάς
485 2606 559 2640 dici
589 2618 666 2640 non
689 2609 855 2643 memini.

1062 2675 1149 2712 Y2
