1706 3058
216 112 270 155 56

443 238 498 247 --
515 236 569 245 —-
598 211 681 255 εἶτα
701 209 735 253 δ’
756 208 1018 264 ὠστιοῦνται,
1047 218 1136 262 πῶς
1165 214 1323 261 doxam

442 285 630 332 ἐλθόντες
650 280 854 335 ἀλλήλοισι
878 285 971 338 περὶ
994 283 1158 339 πρώτου
1190 283 1311 334 ξύλου
1327 280 1405 339 ¹⁸).

225 364 280 404 Et
305 358 459 403 Pollux
482 367 683 410 quoque,
716 351 791 393 ubi
823 354 876 395 de
904 353 1049 406 Pnyce
1075 353 1297 410 loquitur,
1328 353 1450 396 idem
1479 355 1549 397 af·-

225 431 394 475 firmat;
428 425 487 466 ait
519 423 663 465 enim:
722 423 894 468 ἐκάλουν
917 426 959 469 ὁὲ
987 425 1062 479 τὴν
1092 428 1312 482 προεδρίαν
1341 427 1411 470 καὶ
1438 431 1551 482 πρῶ.

225 520 295 546 τον
334 498 464 550 ξύλον.

311 571 392 613 Sed
415 578 699 624 posteaquam
714 582 925 624 magnum
942 566 1103 610 Bacchi
1121 569 1337 610 theatrum
1353 565 1554 610 aedifica-

227 655 324 685 tum
346 650 459 686 erat.
493 649 535 679 et
558 652 742 693 magnae
765 637 1064 679 multitudinis
1095 639 1310 694 capacius,
1341 649 1385 679 et
1407 639 1459 680 ad
1479 636 1556 680 vi-

228 713 423 754 dendum
446 707 1118 762 audiendumquecommodius,
1151 708 1198 749 in
1222 708 1298 750 illo
1322 709 1438 750 haud
1458 721 1555 749 raro

227 780 412 826 comitia
432 779 726 824 habebantur,
750 788 794 818 et
819 777 1084 833 quibusdam
1107 778 1151 819 in
1175 781 1305 820 rebus
1328 778 1393 818 ibi
1410 791 1558 836 popu-

229 856 325 896 lurn
359 850 700 892 convocandum
729 863 845 896 esse,
877 849 973 904 lege
1007 859 1098 889 erat
1126 849 1383 898 definitum3
1415 848 1558 890 veluti

228 932 331 981 post
360 918 671 967 Bacchanalia,
703 917 918 974 postridie
948 919 1223 961 Pandiorum
1256 922 1309 962 de
1341 921 1472 961 rebus
1504 921 1560 963 ad

231 992 395 1032 festum
420 988 752 1046 pertinentibus
778 988 826 1029 in
861 991 1053 1030 Theatro
1084 992 1306 1046 agendum
1335 1001 1425 1030 erat
1456 1005 1559 1033 cum

230 1064 414 1120 populo.
479 1064 640 1116 Legem
663 1059 806 1116 ipsam
834 1059 960 1099 affert
983 1061 1306 1100 Demosthenes
1326 1064 1421 1114 ¹⁹):
1465 1061 1563 1115 τούς

233 1132 453 1188 πρυτάνεις
472 1140 606 1176 ποιεῖν
629 1133 844 1185 ἐκκλησίαν
875 1133 918 1174 ἐν
943 1130 1151 1174 Διονύσου
1179 1137 1229 1187 τῇ
1260 1130 1451 1190 ὑστεραίᾳ
1481 1137 1564 1178 τοῖν

235 1207 443 1247 Πανδίων.
476 1206 517 1246 ἐν
542 1205 583 1246 δὲ
602 1202 726 1262 ταύτῃ
751 1206 1001 1258 χρηματίζειν
1021 1208 1183 1258 πρῶτον
1216 1203 1288 1257 μὲν
1309 1206 1402 1258 περὶ
1427 1207 1563 1260 ἷεραῖν,

235 1278 371 1319 ἔπειτα
391 1275 461 1324 τὰς
483 1274 691 1330 προβολὰς
707 1275 1043 1330 παραδιδότωσαν
1064 1274 1134 1324 τὰς
1161 1277 1428 1330 γεγενημένας
1447 1277 1566 1320 ἕνεκα

235 1355 309 1401 τῆς
329 1353 496 1401 πομπῆς
516 1365 550 1389 κ.
572 1363 602 1389 τ.
628 1353 658 1390 λ.
719 1348 862 1402 Atque
892 1344 1129 1387 Aeschines
1165 1360 1339 1402 quoque
1378 1349 1487 1388 haec
1516 1347 1567 1390 in

236 1419 410 1458 theatro
425 1414 621 1463 comitia,
647 1427 750 1472 post
771 1418 1044 1458 urbanorum
1059 1414 1384 1468 Dionysiorum
1406 1417 1570 1460 festum

237 1486 413 1535 habita,
443 1498 660 1527 memorat
681 1487 727 1526 in
752 1485 955 1527 oratione
982 1487 1034 1526 de
1062 1486 1167 1526 salsa
1192 1485 1515 1542 legationem).

326 1559 549 1602 Praeterea
574 1555 671 1597 aliis
690 1555 801 1597 locis
824 1554 1034 1611 plurimis
1058 1566 1175 1598 extra
1200 1556 1402 1598 ordinem
1422 1573 1574 1616 popu-

241 1631 311 1672 lus
345 1629 704 1684 congregabatur.
782 1625 843 1669 Οὐ
882 1627 1030 1680 μόνον,
1073 1626 1224 1683 inquit
1253 1627 1491 1680 Ulpianus,
1531 1634 1577 1676 ἐν

247 1702 388 1746 Πνυκὶ
409 1701 696 1751 ἐκκλησίαζον,
729 1697 828 1741 ἀλλὰ
848 1697 1043 1747 πολλάκις
1065 1701 1106 1741 ἐν
1133 1703 1322 1754 Πειραιεῖ
1339 1702 1408 1742 καὶ
1432 1703 1473 1744 ἔν
1507 1702 1575 1747 ἅλ-

247 1777 334 1820 λοις
355 1769 516 1821 τόποις·
556 1771 625 1813 καὶ
644 1768 810 1822 λοιπὸν,
854 1768 958 1812 ὅπου
991 1768 1237 1824 συνήγοντο,
1270 1770 1458 1824 ἐκκλησία
1487 1775 1576 1816 ε’κα-

249 1849 354 1886 κεῖτο
372 1844 450 1889 2¹),
510 1842 649 1894 Atque
671 1838 719 1880 in
742 1839 928 1884 Piraeeo
953 1854 1289 1894 nonnumquam
1310 1843 1577 1886 convenisse

249 1912 498 1969 populum,
539 1909 612 1951 ille
645 1909 739 1967 ipse
777 1910 1090 1953 Demosthenis
1126 1912 1250 1950 locus
1272 1919 1479 1958 testatur,
1523 1913 1580 1955 ad

253 1999 387 2040 quern
417 1985 501 2026 hoc
533 1982 793 2025 adnotatum
821 1994 886 2025 est
915 1985 966 2024 ab
1001 1979 1208 2036 Ulpiano.
1267 1983 1406 2033 Erant
1430 1992 1580 2026 autem

255 2054 320 2098 ibi
342 2066 383 2096 et
401 2055 495 2096 fora
519 2053 607 2094 duo
632 2065 675 2097 et
710 2055 1039 2105 theatrum22>‚
1071 2065 1182 2108 quae
1222 2062 1329 2094 tunc
1358 2054 1580 2108 populum

304 2164 361 2206 18)
383 2162 541 2196 Acharn.
561 2173 595 2192 v.
617 2170 670 2202 24.

304 2224 361 2269 19)
385 2224 515 2259 contr.
539 2219 632 2254 Mid.
654 2230 689 2263 p.
711 2227 790 2263 517.
821 2215 960 2260 (Spald.
979 2216 1027 2258 6),

305 2293 363 2334 20)
381 2304 415 2336 p.
439 2302 515 2334 241.
552 2287 632 2327 τούς
651 2282 844 2334 πρυτάνεις
862 2282 954 2330 μετιὶ
977 2283 1023 2317 τοὶ
1054 2281 1229 2318 Aternium
1252 2282 1299 2317 τιί
1331 2281 1370 2319 ἕν
1398 2281 1498 2321 ἄστει
1520 2288 1583 2321 8⁶1

257 2351 324 2397 τὴν
343 2353 382 2388 ἐν
410 2347 585 2387 Διονύσου
615 2346 828 2391 ε’κκλησιάν,
863 2340 1077 2393 προγράψαι
1112 2339 1176 2376 ὃῦο
1212 2340 1410 2385 ἐκκλησίας.
1445 2341 1587 2379 Pandia

258 2418 364 2448 erant
378 2409 682 2454 Ela1›hebo]i011is
705 2407 738 2441 d.
761 2405 857 2440 XIV.
895 2404 1026 2448 Itaque
1047 2402 1199 2435 comitia
1212 2402 1276 2435 illa
1295 2400 1462 2444 ejusdem
1481 2412 1588 2437 men-

259 2474 308 2509 sis
331 2473 390 2508 die
417 2473 497 2505 XVI
518 2470 762 2503 liniebantur.

307 2535 365 2574 ει)
387 2532 439 2566 Ad
460 2533 571 2566 Dein.
593 2540 645 2562 or.
669 2528 714 2560 de
734 2527 814 2562 sals.
834 2526 907 2571 leg.
928 2537 964 2570 p.
997 2537 1072 2571 227.
1106 2527 1248 2560 Benen.
1282 2524 1331 2558 cf.
1362 2523 1487 2568 ipsum
1510 2523 1587 2559 De-

261 2595 398 2631 mosth.
419 2605 454 2638 p.
477 2602 555 2637 359.
579 2595 616 2622 et
646 2600 724 2634 379.
747 2589 791 2621 R.

307 2656 365 2697 22)
397 2666 430 2688 v.
456 2654 600 2686 Meurs.
620 2649 800 2682 Piraeeus
823 2660 852 2681 c.
875 2658 908 2691 5.
930 2653 966 2680 ct
985 2648 1016 2680 6.
