1706 3058
1425 187 1451 212 V

117 274 254 317 vilem
277 287 454 330 operam
475 274 836 330 opulentioribus
868 277 1168 330 praebebant;
1212 283 1336 330 cujus
1369 295 1448 337 ge-

115 331 236 387 neris
259 344 464 386 homines
488 347 604 401 apud
625 348 873 386 Homerum
898 357 941 387 et
962 348 1208 390 Hesiodum
1231 362 1450 392 vocantur

100 419 255 468 θῆτες,
272 427 312 457 et
323 421 658 473 conjunguntur
670 431 772 458 cum
785 415 936 464 servis;
951 431 972 457 a
985 417 1202 471 Dionysio
1214 435 1319 462 vcro
1335 436 1449 463 com-

112 499 322 543 parantur
348 502 452 529 eum
481 490 797 529 Thessalorum
831 486 1109 540 Penestis*)‚
1154 501 1204 531 ut
1242 490 1449 537 videatur

112 558 321 608 innuere,
363 559 502 601 fuisse
526 573 680 606 eorum
709 560 965 614 plerosque,
999 560 1146 601 media
1175 561 1292 603 inter
1311 562 1449 604 libcr-

112 641 247 672 tatem
271 641 314 672 et
336 631 594 673 servitutem
618 627 896 676 conditione,
933 631 1295 686 opulentioribus
1321 633 1446 689 quasi

114 701 319 745 addictos
343 712 386 742 et
410 701 454 740 in
477 699 730 744 clientelam
752 699 935 744 dicatos.
967 705 1204 744 Auctorem
1221 706 1351 756 hujus
1376 707 1446 746 de·

112 770 370 828 scriptionis
393 770 530 812 fuisse
565 770 803 826 perhibent
837 773 1091 820 Theseum,
1127 775 1204 828 qui
1238 775 1447 818 omnibus

110 843 279 886 Atticae
309 841 468 883 incolis
495 841 632 883 unius
652 840 776 882 urbis
808 840 1098 898 civitatisque
1126 844 1312 887 vinculo
1345 861 1445 888 con-

111 913 292 967 junctis,
325 912 647 967 rempublicam
666 914 718 952 ab
743 912 841 967 ipso
873 913 998 968 quasi
1029 916 1175 955 denuo
1200 917 1442 965 conditam.

109 983 284 1039 legibus
319 982 528 1038 plurimis
560 993 603 1023 et
638 982 858 1023 institutis
893 983 1132 1026 salubriter
1161 986 1371 1029 fundasse
1402 1000 1446 1031 et

110 1067 289 1102 ornasse
311 1052 490 1094 dicitur.
551 1055 664 1094 Ante
685 1051 812 1093 illum
829 1051 950 1093 enim
970 1053 1018 1094 in
1046 1058 1284 1099 duodecim
1307 1060 1443 1116 Oppi.-

109 1124 192 1173 dis,
223 1138 414 1180 quorum
436 1123 622 1167 nomina
642 1125 878 1169 traduntur
900 1127 1228 1183 aStrabone**)
1249 1130 1441 1186 dispersi

107 1194 370 1238 habizabant
395 1194 712 1242 Athenienses,
750 1194 1038 1252 singulaeque
1064 1211 1187 1240 erant
1220 1201 1442 1256 respubli-

105 1281 208 1314 cae,
244 1281 432 1321 quarum
460 1264 690 1322 principes
723 1266 876 1308 omnia
898 1281 979 1309 suo
1005 1269 1220 1311 arbitratu
1247 1271 1440 1313 admini-

107 1339 318 1385 strabant,
339 1352 484 1393 neque
508 1338 695 1381 Athenas
730 1338 786 1382 ,ad
805 1352 955 1393 regem
979 1341 1329 1392 conveniebant,
1353 1343 1440 1384 nisi

103 1423 212 1451 cum
240 1418 420 1464 propter
449 1422 664 1463 magnum
692 1406 876 1463 aliquod
909 1420 953 1454 et
984 1410 1170 1454 difficile
1201 1414 1438 1470 negotium

105 1478 336 1523 communi
366 1478 557 1520 consilio
590 1489 633 1519 et
663 1478 842 1520 sociatis
883 1481 1087 1529 omnium
1119 1482 1291 1530 viribus
1325 1500 1436 1541 opus

104 1567 197 1600 esse
216 1550 547 1606 videretur*’'⁵*).
589 1551 785 1591 Theseus
808 1561 957 1594 autem
971 1567 1123 1607 parvas
1144 1553 1241 1595 illas
1255 1567 1298 1599 et
1318 1571 1439 1611 sepa-

103 1634 216 1665 ratas
248 1620 520 1677 respublicas
552 1619 598 1660 in
629 1634 768 1661 unam
787 1625 1002 1671 majorem
1023 1637 1176 1666 omnes
1197 1625 1434 1677 contraxit,

100 1706 327 1746 unamque
352 1689 497 1732 omnis
529 1687 733 1744 imperii,
767 1691 1105 1747 magistratuum
1135 1695 1437 1750 judiciorum—

35 1798 43 1806 ,
103 1779 190 1821 que
201 1764 354 1804 sedem
373 1761 556 1825 Athenis
580 1761 833 1810 collocavit,
854 1753 908 1804 ut
930 1764 1064 1805 etiam
1086 1765 1282 1823 reliquae
1295 1767 1434 1822 regio-

100 1833 173 1876 nis
194 1833 366 1875 incolae
387 1847 478 1875 non
498 1847 682 1873 suorum
703 1831 871 1888 quique
896 1833 1179 1890 oppidorum,
1202 1839 1279 1878 sed
1302 1841 1434 1890 hujus

101 1905 237 1948 unius
260 1903 399 1950 urbis,
420 1916 532 1958 quae
550 1903 653 1947 ἄστυ
673 1902 758 1953 κατ’
779 1904 920 1962 ἰξοχήν
940 1908 1194 1957 vocabatur,
1220 1910 1340 1950 cives
1361 1924 1435 1951 es·-

101 1986 203 2017 sent
243 1986 287 2016 et
325 1974 609 2022 haberentur.
664 1976 808 2031 Atque
852 1975 962 2018 hinc
1001 1977 1318 2033 explicandum
1354 1992 1434 2034 est,

102 2048 224 2104 quod
251 2045 373 2101 apud
400 2042 565 2085 Atticos
584 2033 820 2101 scriptores
842 2047 1101 2103 saepissime
1123 2049 1248 2100 α’στός
1266 2049 1433 2094 dicitur

100 2132 182 2174 pro
207 2120 396 2167 πολίτης,
428 2115 639 2170 quoniam
660 2117 796 2172 pleno
820 2117 1018 2160 civitatis
1041 2123 1136 2171 jure
1155 2135 1248 2165 non
1269 2121 1358 2162 nisi
1382 2122 1429 2164 in

97 2190 211 2231 urbe
232 2183 428 2238 Athenis,
449 2185 518 2226 uti
537 2198 766 2242 poterant3
789 2198 832 2229 et
855 2188 965 2230 illud
989 2204 1180 2246 quoque,
1202 2193 1323 2247 quod
1343 2196 1429 2234 Eu-

97 2257 303 2315 patridae
326 2256 539 2299 dicuntur
562 2260 613 2299 ab
635 2261 899 2316 Etymologo
919 2269 955 2306 οἱ
976 2261 1130 2306 ιῖυτότό
1151 2264 1254 2308 ἄστυ
1276 2267 1428 2308 οἰκοῦν-

98 2347 178 2380 τες,
203 2343 294 2370 non
307 2327 430 2384 quasi
449 2342 602 2374 omnes
615 2332 774 2372 urbem
785 2343 1001 2388 perpetuo
1024 2332 1332 2387 incoluissent,
1353 2337 1429 2381 sed,

101 2400 317 2458 quoniam
345 2397 597 2448 nobilitatis
624 2416 729 2449 suae
759 2392 856 2463 jure
884 2403 1054 2467 perfrui
1085 2419 1179 2446 non
1201 2416 1424 2462 poterant,

145 2509 182 2553 ²⁸¹)
210 2510 365 2548 Homer.
397 2510 472 2547 od.
500 2513 567 2550 IV.
595 2513 682 2557 644:
700 2512 856 2554 Hesiod.
878 2514 952 2562 Op.
975 2525 1010 2549 et
1025 2516 1076 2550 D.
1099 2529 1131 2550 v.
1154 2516 1233 2560 563.
1256 2515 1423 2553 Brunck.

192 2567 358 2615 Dionys.
372 2571 423 2604 ΙΙ.
439 2583 470 2612 ο,
480 2583 514 2618 9.
525 2571 633 2608 Plura
644 2574 724 2614 vid.
737 2587 792 2622 ap.
805 2574 957 2610 Ruhnk.
969 2575 1014 2611 ad
1025 2576 1235 2614 Timaeum.
1245 2591 1280 2634 p.
1292 2587 1361 2623 ξιξ
1371 2591 1425 2634 sq,

146 2638 201 2680 ss)
229 2635 349 2672 strab.
371 2639 438 2676 IX.
458 2653 496 2688 p.
517 2650 597 2684 537.

147 2700 224 2742 ww)
251 2697 423 2753 Thucyd.
444 2702 492 2735 11.
519 2714 549 2738 c.
577 2711 628 2748 15.
677 2702 866 2750 Plutarch,
889 2704 1001 2747 Thes.
1038 2717 1070 2745 c,
1098 2713 1152 2756 24,
