1706 3058
239 199 292 241 32

243 317 307 346 tas
327 301 562 345 videretur.
624 301 793 338 Tamen
815 296 861 337 id
895 293 1084 350 exempli
1119 307 1246 335 causa
1278 291 1559 347 puniendum

244 375 304 416 ait
335 383 502 414 orator:
536 371 586 413 ἄν
617 370 666 411 σύ
695 374 772 411 νῦν
803 370 921 421 δίκην
952 369 1053 424 δῷς,
1082 365 1201 414 ἄλλος
1233 362 1282 406 οὗ
1311 362 1473 418 γράψει,
1507 385 1560 396 -

244 442 402 500 Atqui,
434 441 467 482 si
502 440 545 480 id
576 454 652 494 per
680 441 796 494 leges
827 449 1058 492 nunquam
1090 433 1244 488 licuit,
1275 433 1351 489 qui
1384 435 1562 475 tandem

244 524 447 573 poterant
478 511 524 551 in
555 513 691 552 istum
723 524 894 556 casum,
936 522 1066 564 quem
1100 507 1240 560 leges,
1279 518 1336 544 ne
1366 517 1562 558 unquam

245 586 488 632 incideret,
520 597 673 623 cavere
703 581 956 625 voluerant,
990 574 1229 618 constituti
1257 588 1352 618 ease
1381 572 1564 616 Proedri

246 657 317 699 isti
353 652 778 698 non-contribules,
812 648 915 705 qui,
947 648 984 689 si
1009 647 1186 702 quando
1207 643 1463 702 Peephiema
1493 643 1565 685 ali-

247 727 367 785 quod
408 726 461 766 ad
502 724 719 778 populum
759 722 898 760 latum
940 729 1051 760 esset
1089 719 1254 772 absque
1301 718 1566 758 Senatorum

247 796 532 841 auctoritate,
576 793 623 832 in
655 805 741 846 quo
779 789 825 831 hi
865 803 1011 842 neque
1046 798 1225 842 possent
1259 800 1453 835 munere¹
1485 798 1567 827 suo

246 866 399 924 fungi,
433 879 575 919 neque
606 862 796 907 vellent,
831 859 878 899 in
910 860 1149 910 Prytanum
1181 860 1334 898 locum
1362 858 1566 900 succede-

247 950 364 987 rent,
407 946 650 989 eorumque
680 930 852 971 vicibus
884 928 1206 983 fungerentur?
1258 927 1355 972 Nisi
1387 941 1489 970 vero
1520 926 1569 969 hi

249 1011 336 1067 ipsi
375 1004 557 1052 Proedri
601 1018 679 1059 per
719 998 985 1042 seditionem
1024 1013 1200 1054 semper
1240 1014 1263 1040 a
1309 998 1570 1052 Prytanibus

239 1080 401 1129 ,invitis
433 1089 476 1120 et
505 1073 669 1117 coactis
701 1071 978 1114 creabantur:
1021 1071 1141 1124 quod
1174 1069 1342 1111 nemini
1383 1084 1488 1111 sano
1521 1069 1569 1110 in

247 1163 446 1196 mentem
492 1145 646 1188 venire
697 1151 857 1199 potest.
939 1137 1078 1188 Dein,
1140 1141 1257 1195 quod
1307 1152 1438 1198 caput
1489 1150 1568 1189 est,

251 1223 395 1266 omnis
426 1216 603 1262 Luzacii
634 1210 852 1257 sententia
884 1225 931 1251 ca
964 1209 1173 1262 opinione
1203 1210 1377 1262 nititur,
1407 1226 1571 1253 novem

248 1294 465 1338 Proedros
502 1282 909 1330 non-contribules
952 1296 975 1321 e
1015 1282 1181 1336 populo
1225 1282 1382 1331 fuisse,
1423 1298 1516 1324 non
1549 1297 1574 1324 e

250 1367 424 1408 Senatu.
484 1362 607 1412 Quae
638 1352 796 1412 opinio
829 1350 1063 1393 falsissima
1095 1361 1177 1400 est,
1209 1363 1252 1393 et
1282 1367 1384 1394 curn
1417 1356 1574 1396 Gram-

250 1433 520 1477 maticorum
551 1427 721 1469 traditis
752 1434 932 1480 pugnat.
1005 1423 1066 1463 Hi
1098 1424 1217 1464 enim
1249 1424 1347 1465 illos
1379 1439 1470 1466 non
1503 1440 1574 1466 so-

249 1508 345 1547 lum
385 1503 434 1543 in
473 1496 682 1543 Comitiis
720 1496 798 1536 sed
840 1493 976 1536 etiam
1021 1492 1068 1534 in
1107 1497 1273 1537 Senatu
1313 1496 1575 1537 muneribus

251 1578 432 1618 functos
463 1585 554 1613 esse
584 1568 760 1609 dicunt:
806 1564 1009 1609 Ἐπειδὰν
1040 1567 1102 1618 δὲ,
1144 1564 1300 1608 Suidas
1330 1565 1504 1623 inquit,
1537 1569 1579 1611 οἱ

256 1645 486 1702 Πρυτάνεις
516 1640 773 1697 συναγάγωσι
792 1637 866 1691 τὴν
889 1637 1043 1692 βουλὴν
1073 1638 1103 1692 ἤ
1128 1637 1200 1682 τὸν
1222 1643 1377 1693 δῆμον,
1411 1636 1433 1682 ὅ
1459 1636 1577 1682 Ἐπι-

254 1718 400 1771 στάτης
425 1719 571 1768 κληροῖ
599 1712 839 1765 Προὲδρους
871 1711 986 1752 ἐννέα
1016 1708 1098 1752 dm}
1132 1715 1268 1764 φυλῆς
1297 1709 1466 1763 ἑκάστης
1491 1711 1576 1763 ἕνα,

253 1788 360 1843 πλὴν
398 1792 471 1840 τῆς
507 1779 853 1840 πρυτανευούσης.
921 1781 1100 1834 Ergone
1139 1778 1321 1821 Senatui
1354 1781 1579 1835 praeside-

253 1863 386 1907 bant,
416 1869 498 1913 pro
530 1868 607 1896 sua
636 1854 787 1894 saltem
816 1860 954 1906 parte,
987 1849 1192 1891 homines
1225 1848 1303 1906 qui
1335 1849 1420 1906 ipsi
1450 1854 1578 1894 Sena-

256 1942 375 1973 tores
406 1941 497 1968 non
529 1923 708 1966 essent?
742 1921 911 1963 Mirum
942 1936 1045 1963 sane
1077 1932 1120 1962 et
1150 1919 1244 1962 sine
1275 1924 1475 1979 exemplo
1507 1923 1579 1964 in-

255 2001 489 2044 stitutum,
522 1999 650 2047 cujus
682 2007 857 2036 causam
906 1990 1184 2047 probabilem
1224 1990 1300 2032 vix
1342 1993 1578 2049 quisquam

257 2073 395 2114 ullam
428 2066 675 2123 excogitare
706 2062 856 2120 possit.
916 2064 972 2105 At
1003 2061 1115 2119 quis,
1146 2061 1221 2118 qui
1250 2063 1411 2106 Suidae
1430 2066 1580 2107 locum

258 2139 437 2198 legerit,
469 2141 523 2180 de
553 2136 649 2179 aliis
682 2136 884 2177 tribubus
917 2149 1052 2192 quam
1084 2132 1173 2174 inis
1203 2131 1440 2189 cogitabit,
1469 2151 1582 2192 quac

260 2211 311 2253 in
352 2214 517 2253 Senatu
556 2208 693 2251 sunt?
766 2209 882 2250 Nam
931 2221 1033 2248 cum
1072 2204 1212 2246 tribui
1255 2205 1580 2266 πρυτανευούσῃ,

262 2296 373 2338 quae
412 2294 516 2321 sane
555 2283 820 2322 Senatorum
858 2289 944 2326 est,
990 2277 1085 2318 illas
1125 2290 1216 2318 non
1251 2277 1584 2330 πρυτανευούσας
1624 2328 1626 2331 ,

261 2362 528 2408 opponeret,
575 2351 733 2392 addere
763 2363 865 2391 sane
896 2347 1048 2390 debuit
1078 2346 1268 2404 aliquid,
1311 2346 1348 2388 ei
1378 2363 1470 2390 non
1501 2350 1580 2391 has

261 2437 440 2480 quoque
471 2424 734 2463 Senatorum
757 2420 895 2462 tribus
927 2417 1119 2474 intelligi
1142 2415 1367 2458 voluisset.
1427 2420 1583 2473 Itaque

262 2508 408 2548 neque
446 2491 677 2534 Cominius
729 2507 874 2548 neque
919 2491 1098 2548 Biagius
1148 2475 1313 2544 neque¹
1345 2484 1582 2543 quiequam

261 2573 433 2619 praeter
474 2563 736 2611 Luzacium,
778 2564 995 2605 Proedros
1027 2558 1462 2609 noa-contribules,
1503 2560 1584 2600 Se-

259 2644 433 2674 natores
465 2631 600 2674 fuisse
632 2645 859 2690 negarunt.
890 2658 946 2666 --
996 2635 1082 2676 Sed
1111 2629 1354 2678 Luzaciue,
1389 2643 1494 2672 cum
1514 2627 1582 2670 vi-

260 2704 406 2759 deret,
444 2714 579 2761 puto,
619 2706 856 2749 absurdum
899 2721 1013 2754 esse,
1066 2703 1114 2745 in
1159 2704 1326 2746 Senatu
1368 2700 1582 2744 Proedroo
