1706 3058
319 100 406 144 550

316 204 607 250 Athenienses
661 205 806 252 παῖδες
852 199 1090 256 Ἡφαίστου
1139 199 1293 244 vocari
1344 202 1637 262 videntur¹⁸).·

313 280 382 322 De
413 280 517 318 Iove
548 275 695 330 paullo
727 273 955 314 obscurior
992 287 1060 314 res
1090 284 1165 316 est.
1237 275 1393 330 Neque
1436 275 1556 318 enim
1587 275 1638 320 iu

313 345 625 404 superstitibus
658 344 789 385 hodie
820 344 979 384 fabulis
1011 344 1123 385 ratio
1141 357 1336 400 apparet,
1371 359 1448 388 cur
1478 349 1529 388 ab
1549 350 1635 391 hoc

314 421 397 461 deo
432 416 711 459 Athenienses
743 415 790 456 in
822 422 1053 471 poetarum
1085 414 1358 456 carminibus
1398 419 1635 473 appellatos

313 507 406 533 esse
448 490 698 535 credamus,
740 486 786 527 id
827 487 945 542 quod
986 486 1196 527 nonnisi
1227 498 1408 543 propter
1437 487 1636 543 peculia-

310 577 402 604 rem
443 559 631 615 aliquam
673 557 1030 610 conjunctionem
1074 557 1166 598 sieri
1206 557 1403 613 potuisse
1443 557 1634 609 videtur,

310 635 500 689 qualem,
533 632 652 685 quod
676 629 856 685 quidem
890 643 969 685 ego
1000 629 1149 678 sciam,
1182 628 1351 670 fabulae
1372 644 1465 670 non
1497 643 1635 685 agno·-

306 714 451 746 scunt.
514 701 611 743 Nisi
654 702 848 742 fortassis
889 703 975 740 huc
1008 699 1118 740 trahi
1149 697 1313 753 possit,
1360 701 1480 755 quod
1512 701 1636 757 apud

308 772 660 817 Grammaticnm
694 774 913 828 quendam
946 770 1120 826 legitur,
1152 773 1316 816 lovem,
1349 782 1635 826 posteaquam

304 848 353 890 in
385 844 593 897 Arcadia,
626 855 723 892 aut,
757 854 808 885 ut
838 842 912 883 alii
945 843 1142 889 tradunt,
1186 839 1233 882 in
1265 840 1393 883 Creta
1424 843 1634 884 adoleve-

305 918 386 971 rit,
419 915 615 973 primum
645 918 837 958 Athenas
868 912 1050 962 adiisse,
1082 911 1235 967 ibique
1265 914 1316 954 ab
1348 911 1634 962 Atheniensi-
1695 947 1701 955 .

300 994 385 1033 bus
418 990 621 1030 omnium
660 985 818 1042 primis
861 983 1039 1025 divinos
1080 985 1267 1025 honores
1297 995 1504 1036 nactum,
1543 989 1631 1036 Πα-

303 1061 438 1118 τρῴου
472 1057 572 1107 Διός
590 1056 773 1098 nomine
792 1055 878 1098 coli
903 1053 1181 1111 coepisse¹⁹).
1241 1053 1397 1096 Potuit
1427 1069 1530 1098 sane
1551 1054 1627 1097 ali-

304 1133 400 1190 quis
430 1137 583 1187 poeta,
627 1131 741 1169 hanc
771 1125 1071 1169 narrationem
1101 1135 1303 1173 secutus,
1336 1125 1627 1168 Athenienses

300 1201 419 1245 Iovis
459 1200 678 1256 populum
716 1212 896 1245 vocare3
946 1197 1022 1237 sed
1062 1208 1251 1252 possunt
1298 1196 1409 1238 aliae
1449 1211 1628 1254 quoque

301 1271 573 1317 narrationes
605 1269 652 1309 in
686 1267 925 1324 deperditis
948 1265 1110 1307 fabulis
1132 1265 1282 1314 fuisse,
1314 1278 1494 1324 propter
1517 1263 1625 1324 quas

300 1344 365 1387 illi
397 1347 482 1384 hoc
513 1339 784 1396 cognomine
825 1347 1100 1379 ornarentur.

385 1415 471 1457 Sed
510 1417 598 1465 jam
639 1408 817 1452 omissis
854 1408 952 1449 istis
991 1407 1257 1450 commentis
1284 1409 1349 1449 'ad
1387 1423 1534 1451 veram
1564 1409 1625 1453 il..'

296 1490 385 1531 lam
416 1496 459 1526 et
489 1494 656 1526 certam
694 1480 895 1523 tribuum
937 1478 1276 1536 descriptionem
1315 1494 1397 1521 nos
1428 1495 1622 1524 conver-

296 1569 470 1604 tamus,
511 1569 645 1612 quam
675 1554 781 1596 inde
812 1553 865 1594 ab
898 1549 1224 1608 antiquissimis
1255 1550 1534 1608 temporibus
1562 1553 1619 1596 ad

291 1720 415 1766 stoph.
442 1719 540 1752 Plut.
567 1719 692 1754 Schol.
719 1732 751 1752 v.
778 1729 855 1765 773.
880 1729 917 1763 p.
945 1717 1022 1752 262.
1050 1715 1108 1751 ed.
1134 1716 1234 1761 Lips.
1281 1717 1342 1750 De
1365 1716 1616 1753 Erichthonio

291 1781 363 1816 vid.
392 1781 533 1813 Meurs.
571 1779 595 1812 1.
621 1779 646 1813 1.
683 1781 732 1813 ΙΙ.
761 1791 792 1813 c.
831 1791 874 1820 1.‚
902 1784 939 1812 et
964 1779 1185 1822 Harpocrat.
1209 1777 1249 1809 in
1272 1773 1519 1822 Λῦτὸχθονες.
1568 1780 1614 1814 In

289 1841 508 1876 universum
534 1839 785 1874 conferendus
810 1846 867 1874 est
893 1839 999 1873 Plato
1032 1838 1070 1871 in
1093 1838 1273 1880 Timaeo,
1305 1848 1341 1881 p.
1370 1848 1424 1882 23.
1451 1838 1496 1872 E.

337 1935 394 1976 18)
420 1932 618 1967 Eumenid.
644 1945 679 1966 v.
720 1943 770 1977 ¹3-
827 1932 899 1966 Alii
931 1931 1040 1965 aliter
1072 1929 1172 1964 hunc
1202 1929 1329 1963 locum
1358 1929 1612 1975 interpretau-

288 2002 372 2037 tur3
399 1992 466 2028 sed
487 1993 555 2027 illa
578 1994 702 2027 verior
724 1992 818 2027 mihi
854 1992 1000 2026 videtur
1025 1989 1238 2036 explicatio.

335 2087 392 2132 39)
420 2084 545 2119 Schol.
573 2085 620 2119 ad
645 2084 831 2130 Aristoph.
857 2082 978 2118 Nubb.
1007 2095 1040 2117 v.
1071 2095 1166 2130 1470.
1217 2081 1395 2128 Πατρῷοε
1423 2081 1513 2120 226⁹
1543 2086 1608 2122 καὶ

286 2146 483 2186 Ἀπόλλων
508 2147 546 2181 ἐν
569 2142 753 2190 Ἀθήναις
775 2145 968 2190 τιμῶνται,
994 2142 1017 2180 o‘
1045 2143 1133 2181 Ζεύς
1154 2143 1222 2190 μὲν
1244 2141 1337 2187 perui
1361 2142 1428 2188 τήν
1450 2141 1489 2179 ἔν
1510 2140 1607 2190 'Ap-

286 2205 414 2252 καδίᾳ,
440 2205 484 2250 ἢ,
512 2204 558 2243 vic
585 2205 722 2250 ἕτεροι,
749 2203 840 2251 μετά
864 2203 930 2247 τήν
955 2205 992 2240 ἐν
1015 2202 1142 2251 Κρήτῃ
1167 2199 1396 2250 ἀνατροφήν,
1418 2199 1482 2239 ἶῖτε
1504 2201 1605 2248 noui-

284 2281 352 2304 τον
378 2270 455 2302 ταῖς
478 2264 660 2312 ’Λθήναις
685 2267 816 2310 ἐπέστη
839 2270 899 2301 καὶ
924 2264 1123 2309 ἐςοὶνητοῖς
1146 2262 1331 2308 πατράσιν
1355 2260 1487 2305 adraim
1513 2263 1604 2299 οἳτι·

282 2340 340 2364 ves
364 2324 478 2373 ταῦτῃ
503 2326 550 2374 τῇ
572 2329 797 2372 προσηγορίᾳ
822 2324 1055 2370 τετιμήκασιν
1078 2322 1202 2360 αιῖτόν.
1250 2324 1299 2357 Et
1323 2322 1425 2357 aliud
1449 2323 1599 2359 Schol.:

284 2386 388 2425 Οὕτω
412 2387 567 2432 τιμᾶται
584 2386 673 2433 παρ’
696 2384 913 2430 Ἀθηναίοις
931 2384 1017 2421 Ζιῦς
1028 2384 1197 2430 πατρῷος
1213 2389 1273 2419 καὶ
1299 2381 1508 2428 Ἀπόλλων,
1534 2383 1598 2422 διδ

279 2448 324 2484 τὸ
348 2446 515 2492 πρώτους
547 2445 798 2489 ὖποὸἐξασθαι
829 2446 880 2483 ταὶ
909 2444 985 2481 θεώ
1018 2446 1067 2479 εἰς
1100 2443 1166 2489 τήν
1199 2441 1340 2490 χώραν,
1371 2451 1432 2482 καὶ
1465 2448 1600 2486 θυσίας
1636 2462 1639 2468 ’

278 2509 484 2544 συντελέσαι
508 2506 604 2542 κατά
630 2506 791 2554 φρήτρας
813 2512 874 2542 καὶ
898 2503 1030 2550 δήμους
1053 2510 1116 2540 καὶ
1143 2508 1342 2552 συγγενείας
1363 2505 1498 2552 μόνους
1518 2505 1596 2545 τόα

276 2566 474 2613 Ἐλλήνων.
521 2568 594 2602 Sed
619 2569 716 2603 conf.
742 2569 877 2614 iuttpp.
904 2571 1064 2601 recentt.
1089 2565 1137 2600 ad
1160 2566 1346 2613 Aristoph.
1380 2567 1530 2617 locum,
1553 2573 1594 2606 et

276 2628 419 2664 Albert.
446 2627 493 2662 ad
514 2629 678 2674 Hesyeh.
713 2630 820 2664 Tom.
845 2629 897 2664 11.
923 2639 959 2673 p.
985 2633 1065 2674 894.
