1706 3058
1339 107 1416 162 157

99 223 219 267 circo
249 220 429 279 putavit
448 219 800 270 Dodwellus²⁶)‚
832 231 921 270 eos,
951 215 1096 274 quiin
1117 218 1280 259 horum
1311 218 1421 258 Pse-

97 294 368 352 phismatum
398 289 818 350 praescriptionibus
847 288 1141 330 nominantur
1162 288 1419 332 Archontes,

99 380 180 423 pro
213 368 454 418 Prytanum
485 360 696 418 Epistatis
722 362 944 402 habendos
975 376 1079 409 esse,
1113 373 1298 415 eamque
1329 355 1422 412 opi-

99 436 284 479 nionem
326 439 413 477 hoc
453 431 678 490 imprimis
717 443 976 487 argumento
1020 429 1260 473 corfirmari
1301 428 1421 470 arbi..

99 521 266 557 tratur,
308 507 428 564 quod
466 519 599 546 nemo
640 518 692 544 ex
723 502 778 543 iis
820 502 1029 544 omnibus
1070 501 1118 542 in
1159 499 1294 543 Fastis
1339 513 1419 540 suo

101 595 216 621 anno
248 576 488 635 reperitur,
537 589 805 630 quamquam
836 585 939 616 sunt
968 572 1018 614 hi
1048 572 1095 614 in
1127 576 1210 614 hae
1239 571 1422 628 quidem

101 661 241 693 aetate
272 645 548 704 integerrimi
580 657 622 687 et
644 645 750 687 satis
777 644 901 688 certi.
960 647 1075 686 Nam
1107 645 1181 700 qui
1203 644 1320 699 apud
1340 646 1423 684 De-

99 722 380 770 mosthenem
413 716 676 759 nominatur
705 719 879 759 Archon
912 715 1208 763 Dmnonicus,
1243 726 1286 756 et
1314 730 1425 757 nus-

102 807 234 850 qupm
265 799 444 847 apparet
474 789 523 830 in
562 788 727 837 Fastis,
761 799 804 830 et
834 789 1077 844 adscriptus
1116 798 1182 830 est
1211 787 1424 843 Psephis..

101 864 237 917 mati,
278 863 398 919 quod
428 860 647 916 scriptum
679 859 860 902 videtur
891 860 1064 914 Olymp.
1097 858 1184 900 CV.
1227 861 1264 903 5.
1298 864 1423 911 cujus

100 935 209 976 anni
239 937 497 990 Eponymus
529 942 593 972 est
623 930 1021 985 Cephisodotus²⁷).
1082 933 1187 972 Duo
1217 930 1425 986 Psephis-

98 1017 240 1054 mata,
274 1003 434 1061 quibus
466 1001 706 1057 inscriptus
738 1012 803 1042 est
825 1000 1140 1056 Mnesiphilus,
1174 1003 1226 1042 ad
1247 1003 1424 1058 Olymp.

100 1078 246 1119 CVIII.
279 1089 318 1119 2.
355 1072 607 1131 pertinent,
648 1074 870 1114 Archonte
901 1075 1134 1127 Eponymo
1167 1072 1427 1118 Themisto-

98 1150 248 1202 cle22).
309 1145 436 1198 Tria,
467 1143 626 1202 quibus
656 1142 859 1185 Nicocles
889 1154 967 1187 aut
996 1146 1183 1186 Neocles
1215 1156 1258 1186 et
1288 1147 1427 1187 Chae-

101 1220 284 1272 rondas,
315 1219 369 1258 ad
400 1218 578 1272 Olymp,
611 1217 717 1258 CIX.
749 1213 789 1256 4.
814 1218 1050 1270 Eponymo
1071 1216 1344 1259 Nicomacho
1360 1223 1425 1271 ²⁹).

102 1289 234 1338 Tria,
278 1288 440 1344 quibus
472 1289 759 1343 Heropythus
791 1297 834 1327 et
866 1286 1118 1337 Nausicles‚
1161 1291 1215 1330 ad.
1246 1291 1424 1346 Olymp.

101 1363 193 1404 CX.
224 1374 264 1402 2.
295 1364 533 1417 Eponymo
566 1357 951 1413 Lysimachidew).
1012 1362 1189 1412 Unum,
1230 1361 1303 1405 eui
1334 1366 1427 1405 Eu.-

149 1499 209 1542 26)
240 1501 301 1534 De
327 1501 462 1544 Cyclis.
500 1501 660 1535 Dissert.
688 1503 758 1535 III.
786 1507 878 1536 sect.
904 1513 961 1545 41,

151 1583 210 1628 27)
237 1583 298 1616 De
324 1585 461 1619 coron.
488 1597 523 1629 p.
551 1585 628 1629 265.
664 1586 709 1617 In
741 1584 1041 1628 Psephismatum
1069 1588 1302 1632 temporibus
1335 1591 1425 1625 defi-

105 1645 254 1678 niendis
278 1651 426 1679 secutus
451 1656 534 1678 sum
560 1644 793 1685 Cominium,
829 1645 925 1678 Fast.
959 1646 1033 1679 Att.
1070 1647 1167 1682 Diss.
1196 1650 1279 1684 VII.
1306 1662 1327 1684 a
1352 1664 1425 1698 quo

106 1705 169 1739 ubi
195 1704 400 1740 discessero
435 1716 583 1750 semper
607 1706 647 1738 in
671 1706 768 1743 notis
799 1705 986 1740 indicabo.

153 1791 211 1833 28)
236 1791 296 1824 De
322 1791 458 1825 Coron.
493 1802 529 1835 p.
567 1800 630 1834 255
657 1795 695 1823 et
720 1794 798 1834 238.
833 1789 1019 1824 Scribitur
1042 1792 1195 1838 quidem
1217 1798 1430 1841 posteriore

104 1852 190 1886 loco
215 1850 451 1897 Μνησίᾳυλος
473 1862 549 1884 non
572 1850 820 1896 Μνησίφιλος;
855 1851 923 1886 sed
949 1852 1107 1892 dubium
1141 1867 1221 1892 esse
1245 1869 1323 1891 non
1344 1867 1427 1904 pot-

105 1920 185 1957 est,
221 1913 312 1960 quin
335 1913 429 1947 haec
453 1919 559 1947 recta
582 1911 629 1945 sit
661 1912 856 1956 scriptura.

156 1983 215 2028 29)
241 1982 415 2015 Nicocles
440 1988 503 2015 aut
528 1980 700 2022 Neocles,
727 1981 773 2014 de
790 1982 927 2016 Coron.
954 1995 991 2028 p.
1018 1997 1084 2030 249
1102 1992 1140 2020 et
1165 1997 1242 2032 250.
1259 1990 1428 2037 Utroque

106 2044 192 2077 loco
217 2043 306 2077 libri
317 2043 415 2075 inter
426 2041 624 2078 Νεοκλέους
648 2048 685 2075 et
702 2043 920 2079 Νικοκλὲοτς
937 2044 1091 2080 variant.
1125 2048 1245 2083 Recte
1256 2051 1428 2086 Reiskius

106 2103 312 2148 utrobique
336 2103 534 2139 Νεοκλέους
557 2103 737 2148 reposuit.
774 2103 1025 2147 Chaerondas‚
1052 2107 1098 2140 de
1125 2109 1261 2145 Coron.
1287 2123 1323 2156 p.
1351 2125 1427 2158 253.

105 2164 185 2199 Sed
207 2164 281 2198 hoc
306 2162 526 2207 Psephisma
546 2164 737 2198 Corsinius
761 2165 807 2199 ad
832 2166 893 2200 Ol.
915 2167 989 2200 CX.
1019 2178 1047 2200 1.
1074 2169 1204 2204 refert.
1253 2173 1326 2207 Sed
1349 2175 1430 2209 bel—

110 2225 192 2259 lum
214 2225 427 2259 Euboicum
461 2225 728 2259 Demosthenis
754 2227 911 2260 consilio
947 2235 1163 2274 susceptum
1193 2238 1233 2265 et
1264 2233 1430 2270 feliciter

110 2292 263 2331 gestum
290 2286 350 2321 01.
380 2286 474 2319 CIX.
500 2298 534 2329 4.
561 2287 704 2331 expulsi
728 2288 891 2331 tyranni,
916 2288 1112 2332 liberatae,
1139 2303 1251 2337 quam
1275 2296 1322 2329 ob
1347 2308 1428 2332 rem

110 2354 151 2382 et
175 2348 220 2381 ab
242 2347 530 2381 Atheniensibus
551 2353 590 2381 et
612 2347 657 2381 ab
678 2349 960 2384 Euboeensibus
984 2351 1146 2387 honores
1165 2356 1431 2392 Demotstheni

108 2407 270 2442 decreti.
319 2409 566 2454 Nequaquam
595 2415 722 2443 autem
753 2410 857 2444 credi
888 2417 1034 2456 potest,
1069 2426 1154 2450 cum
1180 2416 1241 2450 Ol.
1269 2418 1365 2452 XIX.
1394 2432 1428 2462 4.

111 2469 259 2503 bellum
283 2475 430 2515 gestum
456 2476 575 2511 esset,
602 2476 640 2506 et
664 2471 817 2515 quidem
841 2473 983 2507 aestivo
1007 2480 1197 2520 tempore,
1231 2480 1429 2526 insequen-

113 2528 161 2563 tis
187 2529 338 2564 demum
361 2531 450 2564 anni
474 2531 621 2575 hieme,
646 2543 777 2567 mense
803 2533 1048 2578 Gamelione,
1075 2537 1291 2582 Psephisma
1314 2543 1430 2577 latum

117 2601 199 2623 esse
224 2590 269 2623 de
294 2592 507 2626 coronando
536 2592 804 2629 Demosthene.
841 2594 888 2629 cf.
914 2595 1072 2632 Diodor.
1099 2599 1196 2636 XVI.
1224 2615 1253 2636 c.
1282 2615 1336 2649 (η,

164 2660 221 2703 50)
247 2660 308 2697 De
334 2661 470 2696 Coron.
496 2673 532 2709 p.
561 2668 625 2702 282
657 2667 695 2696 et
727 2668 804 2703 288.
