1706 3058
1353 118 1433 158 251

120 225 462 285 demagogorum
493 225 660 267 artibus
692 227 913 269 obnoxiae
955 239 998 269 et
1028 228 1082 268 ad
1111 225 1336 268 novandas
1366 239 1436 264 res

119 313 310 358 pronae,
355 298 467 340 tanti
495 297 667 356 negotii
699 297 932 340 arbitrium
963 296 1316 354 permittendum
1347 309 1439 336 esse

119 369 312 419 censuit,
352 371 428 412 sed
459 369 632 411 selectis
664 368 930 424 quibusdam
966 384 1015 410 ex
1046 367 1342 410 Heliastarum
1374 379 1441 407 or·

122 443 225 483 dine
255 440 386 490 viris,
419 442 474 481 ad
504 451 676 497 tempus
709 455 732 482 a
762 442 927 496 populo
961 440 1170 486 creandis,
1204 438 1250 479 id
1278 450 1442 479 munus

120 512 303 566 tribuit,
343 522 393 552 ut
437 513 490 552 de
525 511 658 554 novis
688 510 861 568 legibus
891 509 1099 563 jubendis
1129 509 1445 564 veteribusque

123 583 327 626 tollendis
359 582 522 634 judices
552 584 778 630 sederent,
812 596 980 638 suoque
1009 580 1218 637 suffragio
1249 586 1344 634 jura
1374 579 1446 621 ci-

120 653 248 695 vitati
280 654 630 706 constituerent;
662 655 783 710 quod
813 654 1072 696 institutum
1103 667 1196 693 non
1228 652 1313 692 alio
1345 666 1449 707 per·
1491 696 1493 700 ,

121 727 313 777 tinebant,
351 740 483 782 quam
514 727 569 766 ad
602 724 948 767 democraticum
983 723 1223 780 imperium
1256 722 1451 779 optima-

122 798 240 840 tium
290 796 553 839 auctoritate
603 796 839 838 salubriter
886 797 1240 852 temperandum.
1320 792 1450 835 Nihil

127 869 247 910 enim
278 867 417 924 magis
450 868 799 909 democraticum
840 879 925 920 est,
965 882 1089 923 quam
1120 881 1144 910 a
1182 865 1324 923 plebis
1364 880 1453 906 vo·-

127 942 298 981 luntate
327 940 445 995 leges
477 937 592 994 ipsas
624 941 888 994 pendere⁵):
921 938 988 980 illi
1019 951 1167 980 autem
1200 940 1452 980 Nomothe-

125 1023 218 1060 tae,
249 1010 335 1066 (ita
366 1008 486 1050 enim
517 1009 669 1050 selecti
701 1008 777 1050 isti
799 1009 1020 1050 Heliastae
1042 1008 1336 1066 dicebantur),
1368 1009 1450 1049 ari·

127 1080 390 1123 stocraticae
420 1079 560 1137 magis
591 1079 864 1136 reipublicae
895 1080 1077 1129 formae,
1110 1082 1284 1136 qualem
1314 1081 1452 1122 Solon

126 1150 345 1200 instituit,
378 1150 619 1192 convenire
641 1150 878 1199 videntur3
912 1150 1133 1207 siquidem
1157 1151 1241 1192 ista
1274 1150 1455 1207 quidem

127 1234 288 1271 aetate,
322 1237 427 1265 cum
458 1222 555 1263 sine
586 1223 790 1263 mercede
821 1223 986 1274 judicia
1018 1233 1338 1275 exercerentur,
1370 1225 1456 1263 He·

128 1295 283 1343 liastae
314 1310 379 1345 exv
399 1292 754 1350 opulentioribus
787 1296 961 1336 tantum
1004 1305 1046 1335 et
1076 1294 1319 1350 primarum
1352 1296 1455 1336 clas-

128 1366 248 1407 sium
301 1363 478 1406 civibus
530 1379 620 1406 esse
660 1365 881 1412 solebant,
933 1364 1099 1420 quibus
1151 1365 1214 1407 rei
1266 1366 1459 1408 familia-

130 1437 191 1478 ris
232 1450 336 1478 cura
375 1435 561 1485 solutis,
604 1434 848 1477 liberaliter
887 1436 1162 1493 reipublicae
1201 1437 1368 1479 servire
1398 1437 1459 1479 li-

134 1511 274 1551 cebat.

219 1579 362 1637 Igitur
392 1578 569 1637 quoties
600 1581 654 1620 de
682 1578 855 1635 legibus
886 1579 1018 1620 novis
1059 1580 1266 1636 rogandis
1297 1580 1460 1622 veteri„

133 1655 307 1709 busque
338 1649 597 1706 abrogandis
628 1651 851 1706 agendum
878 1660 981 1698 erat,
1014 1653 1312 1694 Nomothetae
1342 1668 1364 1694 a
1387 1667 1463 1709 po-

133 1725 240 1777 pulo
283 1725 556 1765 creabantur.
625 1724 729 1762 Erat
770 1732 919 1762 autem
965 1722 1075 1764 huic
1104 1722 1169 1764 rei
1201 1739 1343 1766 unum
1374 1723 1465 1766 im-

134 1793 290 1851 primis
320 1805 498 1852 tempus
529 1791 716 1841 statum,
757 1792 864 1835 anni
897 1793 1114 1849 cujusque
1145 1794 1344 1846 initium,
1375 1811 1464 1855 quo

138 1878 336 1922 tempore
365 1867 514 1922 legum
546 1868 728 1906 censura
758 1863 954 1906 solennis
973 1894 984 1913 ‚
1021 1868 1352 1923 (ἐπιχειροτονίαν
1389 1869 1468 1912 νό-

140 1955 227 1991 μων
256 1934 547 1978 Athenienses
584 1934 835 1992 dixerunt),
865 1938 1165 1992 peragebatur.
1225 1941 1372 1990 Hujus
1396 1955 1468 1981 ra-

142 2007 209 2048 tio
252 2018 384 2063 atque
427 2007 535 2047 ordo
576 2006 805 2063 legitimus
849 2006 1019 2063 optime
1058 2023 1110 2050 ex
1144 2008 1252 2066 ipsis
1292 2011 1467 2066 legibus

146 2076 461 2134 cognoscitur,
502 2091 606 2133 quas
644 2091 667 2117 a
696 2080 1002 2120 Demosthene
1033 2091 1223 2122 servatas
1254 2085 1468 2125 habemus

146 2149 194 2189 in
224 2147 424 2190 oratione
465 2146 514 2188 in
555 2146 918 2200 Timocratem‘).
979 2153 1091 2192 Sunt
1129 2162 1278 2195 autem
1313 2157 1470 2208 hujus-

147 2219 295 2263 modi:

233 2290 410 2334 Primae
457 2291 688 2346 Prytaniae
729 2293 803 2337 die
847 2293 1136 2348 undecim0⁷)
1166 2281 1235 2338 ‚in
1273 2297 1469 2345 ecclesia.

197 2418 235 2461 5)
262 2417 322 2451 Cf.
348 2417 501 2452 Aristot.
527 2419 637 2455 Polit.
673 2421 734 2456 IV.
759 2433 791 2466 4.

198 2479 234 2524 6)
257 2480 345 2524 Pag.
371 2477 450 2524 706.
477 2481 650 2514 Latinam
666 2480 774 2525 hujus
797 2482 874 2516 loci
897 2483 1112 2519 versionem
1125 2497 1207 2520 eam
1224 2484 1474 2530 transscripsi,

157 2550 270 2587 quam
287 2539 448 2573 VVolfius
473 2539 594 2582 dedit,
619 2541 791 2587 Prolegg.
818 2542 865 2577 ad
889 2544 1039 2590 Leptin.
1066 2558 1101 2590 p.
1131 2547 1362 2581 CXXXXVI.
1402 2588 1407 2593 ι

203 2609 240 2655 7)
266 2608 321 2641 Ex
344 2607 412 2650 iis,
438 2619 533 2653 quae
557 2621 668 2654 supra
692 2611 773 2645 Lib.
801 2614 830 2646 I.
866 2624 946 2658 cap.
973 2626 1004 2648 2.
1041 2613 1140 2648 dicta
1175 2621 1280 2657 sunt,
1317 2623 1480 2660 apparet,

160 2669 321 2715 primam
343 2669 559 2713 Pr5¹auiam
584 2681 665 2704 esse
691 2673 735 2705 ab
768 2673 1107 2709 Hecatombaeonis
1140 2675 1202 2710 die
1238 2688 1250 2709 ι
1283 2675 1327 2710 ad
1361 2677 1481 2711 Mem-
