1706 3058
289 84 371 132 204

317 134 335 144 υ

376 197 442 235 De
464 197 668 251 operibus
688 211 837 242 autem
849 202 1057 258 publicis,
1082 203 1220 246 veluti
1240 201 1485 250 navalibus,
1510 216 1608 259 por-

302 265 446 312 tubus,
477 267 614 309 muris
635 269 822 327 aliisque
845 273 1192 323 munitionibus,
1225 276 1278 315 de
1301 272 1400 323 viis,
1422 273 1613 329 templis,

298 334 498 387 theatris,
538 341 779 393 gymnasiis
820 343 1005 401 aliisque
1027 345 1089 386 *id
1122 359 1260 402 genus
1292 342 1504 385 aedificiis
1536 358 1610 384 ex-

299 406 522 448 struendis
553 420 629 451 aut
669 413 922 456 reficiendis
962 419 1177 472 populum
1216 415 1265 458 in
1297 413 1492 457 comitiis
1522 413 1614 456 sci-

299 473 416 515 wisse
440 477 628 522 dubium
650 497 741 524 non
773 497 861 538 est3
893 487 1193 544 putidumque
1223 489 1359 534 foret,
1391 486 1439 526 in
1459 501 1506 527 re
1523 496 1612 527 tam

299 540 549 590 indubitata
580 556 883 606 exemplorum
906 557 1076 613 copiam
1097 573 1282 613 operose
1305 572 1540 613 congerere
1552 558 1616 614 ².⁶)

295 614 412 656 Illud
443 634 582 662 unum
614 628 1040 669 commemoratione
1070 642 1162 669 non
1194 627 1457 683 indignum,
1498 631 1617 685 quod

297 683 485 729 artifices
524 690 608 747 ipsi
653 708 756 737 cum
796 700 961 753 populo
1011 697 1361 739 communicasse
1408 660 1619 740 videntur

298 754 352 794 de
378 758 571 809 ratione,
612 779 743 820 quarn
775 767 860 808 sibi
896 767 1254 824 descripsissem,
1297 767 1440 824 operis
1477 769 1617 811 alicu-

296 827 366 876 jus
396 824 678 877 instituendi.
738 837 934 880 Valerius
966 850 1084 880 certe
1115 839 1362 881 Maximus·
1369 842 1402 892 )
1435 841 1488 881 de
1518 840 1618 883 Phi-

296 895 401 938 lone
431 902 691 956 architecto,
735 909 836 958 illo,
880 908 956 964 qui
995 910 1386 952 armamentarium
1415 913 1618 968 pulcher-

299 964 463 1011 rimum
494 974 838 1021 Atheniensibus
871 981 1106 1036 exstruxit,
1137 991 1307 1029 narrat,
1350 995 1454 1023 eum
1483 982 1619 1024 ratio-

299 1051 404 1080 nem
437 1040 742 1090 institutio-nis
773 1065 876 1093 suae
909 1052 957 1092 in
989 1054 1159 1093 theatro
1192 1051 1239 1109 (i
1274 1067 1309 1093 e.
1332 1052 1379 1093 in
1402 1052 1621 1095 concione

302 1105 367 1148 lbi
407 1118 687 1176 congregata)
728 1121 970 1164 reddidisse
1008 1133 1127 1163 tanta
1168 1135 1271 1163 cum
1302 1122 1530 1172 facundia,
1571 1135 1623 1164 ut

302 1179 609 1230 disertissimus
642 1194 832 1247 populus
854 1207 943 1234 non
970 1192 1189 1234 minorem
1213 1194 1388 1234 laudem
1413 1195 1623 1250 eloquen-

302 1249 387 1292 tiae
400 1258 513 1306 ejus
545 1274 678 1313 quam
708 1263 789 1303 arti
821 1263 1046 1304 tribueret.
1116 1265 1258 1316 Atque
1299 1265 1386 1304 huc
1426 1264 1622 1320 pertinet

303 1322 436 1365 etiam
468 1331 586 1381 quod
616 1332 668 1372 de
697 1332 854 1374 Phidia
884 1332 1002 1373 idem
1034 1343 1187 1373 auctor
1207 1334 1445 1375 memoriae
1475 1335 1620 1390 prodi-

305 1391 393 1442 dit,
427 1411 528 1439 eum
561 1402 764 1444 auditum
795 1414 934 1459 aequo
966 1402 1117 1444 animo
1149 1417 1241 1443 esse
1263 1405 1315 1444 ab
1347 1403 1623 1445 Atheniensi-

303 1465 407 1519 bus,
447 1471 554 1511 dum
599 1488 649 1513 ex
690 1489 910 1516 marmore
939 1473 1089 1530 potius
1121 1488 1253 1530 quarn
1285 1489 1336 1515 ex
1368 1475 1498 1516 ebore
1528 1474 1623 1516 Mi-

305 1550 484 1581 nervam
515 1542 608 1583 fieri
642 1545 799 1587 debere
832 1544 1021 1594 diceret,
1054 1545 1172 1602 quod
1202 1543 1372 1585 diutius
1403 1544 1525 1586 nitor
1556 1558 1628 1586 es·-

306 1619 373 1649 set
403 1624 655 1661 mansurum
686 1619 762 1658 sed
792 1628 842 1659 ut
871 1615 1124 1670 adjecisset,
1166 1617 1287 1672 quod
1317 1626 1361 1656 et
1390 1614 1526 1658 vilius
1556 1631 1627 1658 es-

308 1691 393 1731 set,
438 1695 579 1728 tacere
610 1690 661 1730 ab
693 1688 903 1731 omnibus
933 1690 1187 1740 jussum28).

305 1757 578 1774 ⁸*—

357 1791 414 1833 26)
442 1794 524 1827 Huc
547 1798 711 1840 pertinet
735 1797 905 1832 Aeschin.
933 1796 972 1829 in
989 1795 1176 1829 Timarch.
1197 1807 1233 1840 p.
1259 1808 1334 1840 104.
1362 1807 1474 1842 quem
1497 1797 1625 1831 Iocum

309 1860 505 1895 perperam
527 1856 714 1891 intellexit
729 1859 929 1899 Meursius,
956 1857 1002 1890 de
1026 1860 1210 1901 Areopag.
1239 1868 1317 1901 cap.
1343 1869 1376 1900 4.
1425 1857 1486 1890 Ait
1510 1857 1623 1899 enim,

312 1911 574 1959 Areopagitas,
606 1918 764 1962 posteris
787 1917 1039 1962 temporibus,
1074 1916 1263 1950 Timarchi
1297 1917 1448 1951 decreto
1473 1924 1623 1952 coactos

311 1981 394 2006 esse
418 1974 463 2008 de
489 1978 708 2021 quibusdam
732 1979 842 2013 rebus
876 1978 921 2012 ad
952 1978 1135 2023 populum
1159 1977 1324 2020 referre,
1358 1989 1480 2023 eoque
1512 1978 1624 2012 modo

312 2039 541 2078 potestatem
565 2051 695 2073 eorum
717 2040 952 2074 imminutam
976 2044 1094 2083 putat.
1145 2037 1219 2072 Sed
1250 2038 1439 2072 Timarchi
1473 2038 1627 2084 Psephi-

315 2102 394 2127 sina
420 2097 529 2140 plane
553 2100 741 2145 singulare
759 2107 849 2135 erat.
898 2101 1053 2133 Tulerat
1078 2099 1192 2141 enim,
1218 2104 1259 2132 ut
1283 2098 1329 2132 de
1354 2097 1530 2132 aedificiis
1555 2100 1626 2133 cir—

313 2165 357 2187 ca
381 2157 545 2202 Pnycem
569 2160 778 2194 reficiendis
802 2161 1112 2205 Areopagitarum
1143 2159 1330 2193 sententia
1353 2160 1625 2204 exquireretur,

314 2214 437 2260 iique,
464 2220 551 2264 quid
573 2221 642 2254 sibi
674 2221 883 2264 videretur,
919 2222 1058 2266 populo
1081 2221 1353 2254 renuntiarent,
1402 2221 1535 2265 Neque
1557 2217 1626 2265 igi-

316 2280 327 2305 τ
336 2286 377 2307 ur
403 2280 605 2326 quidquam
628 2282 674 2316 ad
705 2284 916 2318 universam
940 2282 1123 2326 Areopagi
1156 2281 1420 2314 auctoritatem
1443 2279 1516 2313 hoc
1539 2281 1627 2314 Pse—

314 2335 459 2378 phisma
491 2343 714 2384 pertinebat.
775 2343 866 2376 Vide
899 2343 1019 2387 ipsum
1051 2342 1198 2375 locum:
1237 2340 1305 2384 Τῆς
1335 2340 1468 2386 βουλῆς
1500 2340 1563 2385 τῆς
1586 2340 1626 2377 ἐν

316 2392 445 2441 Ἀθῦἷῳ
475 2399 578 2446 πάγῳ
612 2401 794 2447 πρόσοδον
824 2406 1040 2448 ποιουμένης
1071 2401 1163 2443 πρός
1193 2400 1259 2436 τόν
1304 2399 1420 2445 δῆμον
1452 2398 1546 2436 κατεῖ
1579 2400 1627 2436 *to*

314 2457 482 2502 Ψήφισμα
507 2462 547 2494 τὸ
573 2461 723 2505 τούτου,
752 2462 773 2499 ὃ
797 2459 898 2500 οὗτος
922 2462 1056 2510 εἰρήκει
1079 2467 1162 2510 περὶ
1188 2462 1260 2499 τῶν
1284 2457 1455 2507 οἰκήσεων
1485 2460 1560 2496 ταῖν
1585 2460 1624 2496 ἐν

312 2520 358 2566 τῇ
389 2526 424 2555 1]
451 2526 515 2554 υ..-’,
543 2536 573 2557 κ.
602 2537 633 2557 τ.
663 2524 694 2558 λ.

358 2585 416 2626 27)
445 2583 511 2615 lib
538 2583 639 2615 VIII.
668 2595 747 2627 cap.
787 2596 837 2618 12
874 2585 1025 2618 Extern.
1053 2596 1088 2618 n.
1117 2597 1148 2618 2.

356 2644 413 2684 23)
443 2654 495 2676 iu
525 2643 607 2678 Lib.
636 2644 665 2678 I
695 2658 736 2676 c
768 2646 829 2679 Ι.
857 2645 1009 2680 Extern.
1036 2657 1073 2679 n.
1098 2649 1132 2682 8
