1706 3058
211 166 267 208 54

215 272 420 323 tui-⁹).—-
483 269 693 326 Denique
720 280 809 311 tam
839 269 1069 327 legitimus
1097 270 1389 318 comitiorum
1416 273 1543 316 locu·

214 340 519 397 Aristophanis
544 351 682 382 aetate
702 341 824 393 Pnyx
849 341 959 390 fuit,
991 353 1043 384 ut
1064 338 1216 384 fanum
1240 342 1351 384 illud
1375 343 1419 388 τὰ
1441 348 1541 388 Θεσ-

216 414 446 470 μοφόριον,
490 411 704 467 quoniam
737 412 800 453 ibi
833 413 1069 455 mulierum
1107 425 1351 456 conventus
1389 414 1539 456 haberi
1594 408 1599 411 ”

219 483 422 540 fingitur,
455 485 577 536 Pnyx
599 497 622 523 a
641 495 772 539 poeta
800 496 986 526 vocetur
1003 489 1090 537 ¹⁰).
1133 486 1261 540 Apud
1286 485 1545 528 Aeschinem

219 569 399 614 quoque
424 552 608 595 comitia
639 553 686 595 in
717 556 862 607 Pnyce
892 559 1215 604 memorantur,
1249 543 1555 614 similiterque¹

220 628 334 683 apud
367 626 714 668 Demosthenem
747 625 795 667 in
833 626 1037 669 oratione
1065 629 1117 668 ‹le
1153 643 1309 670 corona
1329 631 1422 678 ¹¹),
1466 627 1546 669 ubi

219 699 328 738 haec
348 710 527 751 quoque
551 698 706 738 verba:
739 703 818 747 πᾶς
836 695 858 740 ὅ
883 702 1011 753 δῆμος
1033 699 1120 742 ἅνω
1141 706 1300 754 καθῆτο
1323 700 1376 740 de
1401 697 1547 741 comi-

221 767 294 809 tiis
316 765 364 808 in
384 768 532 819 Pnyce
556 765 847 822 intelligenda
869 774 1079 822 sunt12).

308 857 414 896 Erat
435 851 552 894 enim
575 853 699 904 Pnyx
725 853 772 892 in
793 852 936 903 clivo,
969 855 1046 911 qui
1083 859 1377 909 Lycabettum
1413 870 1550 898 mon-

222 937 315 967 tem
349 922 664 979 contingebat.
707 923 847 965 forma
877 926 1221 975 semicirculari‚
1263 928 1551 985 octingento-

223 1011 325 1037 rum
346 992 626 1050 septuaginta
649 992 847 1050 quinque
867 997 958 1038 fere
978 999 1144 1053 pedum
1160 997 1366 1046 circuitu,
1390 1002 1441 1039 ad
1461 1015 1553 1042 me·

221 1066 489 1108 ridionalem
526 1076 696 1120 partem
733 1065 907 1122 ingenti
940 1080 1061 1123 septa
1103 1083 1256 1123 muro,
1297 1070 1552 1126 permagnis

226 1136 338 1180 saxis
362 1135 586 1193 quadratis
612 1147 860 1185 exstructo,
893 1139 946 1180 ad
969 1141 1363 1195 septentrionalem
1387 1153 1552 1191 autem,

226 1219 280 1249 ut
302 1217 618 1263 exaequaretur
640 1207 812 1249 declive
837 1211 997 1259 solum,
1029 1209 1141 1252 saxis
1161 1210 1270 1252 item
1296 1210 1554 1267 ingentibus

229 1280 481 1320 substructa
512 1289 555 1319 et
585 1290 830 1321 constrata:
870 1282 988 1321 unde
1016 1295 1182 1322 nomen
1215 1281 1361 1336 ipsum
1393 1281 1553 1335 Pnycis

229 1348 520 1392 Grammatici
536 1350 754 1401 derivant,
776 1353 887 1410 παρὰ
897 1353 972 1408 τὴν
985 1357 1066 1396 ταῖν
1084 1355 1214 1397 λίθων
1227 1352 1458 1408 πυκνότητα
1473 1357 1485 1378 ¹
1500 1355 1552 1403 ³).

275 1490 312 1535 9)
339 1490 448 1525 Tom.
475 1491 547 1524 ΙΙΙ.
581 1501 618 1534 p.
647 1491 701 1525 26.
727 1492 811 1537 Bip.

279 1558 337 1600 10)
363 1557 592 1603 Thesmoph.
620 1571 654 1594 v.
683 1559 762 1604 658.

281 1626 338 1669 11)
364 1625 539 1661 Aeschin.
566 1626 647 1661 adv.
676 1628 842 1675 Ctesiph.
869 1641 906 1674 p.
944 1642 1022 1677 427·
1059 1630 1257 1665 Demosth.
1284 1630 1331 1665 de
1357 1631 1494 1665 Coron.
1520 1641 1558 1677 p.

232 1699 310 1732 241„
338 1693 376 1721 et
403 1692 480 1731 235.

282 1757 338 1798 12)
365 1756 686 1800 frequentissima
705 1763 762 1791 est
778 1757 941 1791 locutio:
969 1755 1185 1804 ἀναβαίνειν
1205 1755 1255 1793 εἷς
1271 1755 1340 1803 τήν
1357 1756 1560 1803 ἐκκλησίαν,

235 1830 269 1851 v.
291 1817 486 1852 Demosth.
515 1828 568 1851 or.
596 1830 624 1850 1.
648 1817 729 1853 adv.
756 1817 1001 1864 Aristogiton.
1026 1829 1062 1862 p.
1090 1831 1168 1865 772·
1205 1819 1255 1854 ib.
1281 1828 1359 1866 775.
1386 1818 1560 1853 Prooem-

236 1890 274 1914 n.
295 1889 328 1923 5.
350 1890 386 1925 p.
411 1890 508 1921 1422.
536 1889 573 1913 n.
604 1890 656 1913 ιι.
685 1890 721 1923 p.
743 1889 840 1924 1427.

285 1963 342 2008 13)
372 1961 474 1996 Suid.
497 1973 526 1996 s.
545 1974 578 1997 v.
603 1962 668 1996 ubi
689 1962 738 1996 cf.
756 1961 911 2007 interpr.
939 1963 1042 1996 Haec
1059 1962 1222 1996 nominis
1244 1961 1426 1996 derivatio
1437 1962 1564 2009 verior

236 2024 328 2061 mihi
353 2023 518 2065 videtur,
545 2034 659 2068 quam
678 2023 743 2056 illa
763 2022 881 2056 altera
902 2034 1013 2068 quam
1031 2023 1095 2057 alii
1117 2023 1363 2058 Grammatici
1381 2023 1559 2058 traduntx

237 2083 316 2123 αἶπὸ
335 2084 403 2120 τοῦ
421 2083 654 2120 πυκνοῖ-’σθαι
669 2082 754 2120 τούς
771 2081 904 2130 ἄνδρας
930 2083 968 2118 ἐν
985 2083 1033 2132 τῇ
1048 2082 1226 2127 ἐκκλησίᾳ.
1264 2096 1296 2118 v.
1325 2083 1449 2119 Schol.
1478 2083 1565 2118 Ari·

238 2146 362 2191 steph.
382 2146 543 2180 Acharn.
567 2157 601 2180 v,
624 2157 678 2180 20.
697 2145 747 2179 cf.
770 2144 895 2180 Schol.
916 2145 961 2178 ad
994 2145 1136 2190 Equitt.
1165 2157 1196 2178 v.
1221 2157 1279 2191 47.
1311 2145 1473 2193 Etymoll.
1502 2145 1561 2180 M.

239 2207 319 2254 677.
338 2217 393 2250 45.
415 2206 554 2252 aliique
567 2231 576 2249 ‚
605 2216 831 2253 quamquam
851 2217 933 2239 eam
951 2216 1072 2250 nuper
1090 2206 1162 2238 viri
1184 2205 1336 2251 quidam
1357 2203 1564 2238 doctissimi

238 2267 402 2311 amplexi
418 2275 515 2302 sunt.
558 2268 723 2302 Verbum
743 2264 976 2303 πυκνοῦσθαι
997 2277 1086 2310 pro:
1116 2264 1305 2300 consterni
1322 2274 1364 2298 ac
1382 2264 1562 2307 substrui,

241 2328 417 2363 usitatum
440 2335 496 2362 est
517 2329 614 2372 apud
639 2329 827 2370 Graecos,
852 2339 889 2361 v.
915 2327 1105 2363 Plutarch.
1137 2328 1178 2361 C.
1210 2321 1370 2360 Graech.
1396 2333 1428 2356 c.
1455 2334 1489 2370 7.
1516 2340 1563 2349 —·-

243 2389 423 2424 cefernm
448 2389 579 2433 Pnycis
601 2388 893 2433 descriptionem
913 2399 1024 2433 quam
1045 2386 1151 2431 potui
1170 2382 1448 2421 accuratissime
1474 2394 1564 2417 con-

245 2449 394 2484 cinna-:i
415 2460 458 2483 ex
478 2449 535 2490 iis,
564 2449 627 2494 qui
653 2449 745 2482 mihi
765 2449 1026 2494 suppetebant,
1052 2446 1172 2488 libris,
1198 2443 1444 2479 Barthelemii
1467 2444 1564 2478 Ana·

244 2508 436 2550 char-side,
465 2510 513 2542 11.
534 2521 567 2553 p.
590 2520 666 2552 545.
719 2508 889 2543 Wheleri
911 2507 1108 2541 Itinerario
1141 2508 1252 2550 (vers,
1281 2504 1386 2549 gall.)
1419 2515 1454 2548 p.
1481 2512 1562 2548 451.

244 2581 471 2616 quamquam
494 2570 522 2602 is
544 2570 670 2603 locum
688 2570 796 2604 illurn
814 2581 881 2615 pro
902 2567 1008 2603 Odeo
1030 2566 1171 2608 hahuit,
1196 2577 1309 2610 quem
1332 2564 1564 2599 Chandlerus

240 2629 380 2675 aliique
399 2630 569 2676 pieri-lue
589 2642 655 2674 pro
681 2632 804 2675 Pnyce
835 2628 1048 2663 habendum
1077 2639 1159 2663 esse
1188 2631 1442 2667 asseruerunt,
1469 2623 1564 2658 Cha--

241 2691 489 2726 teaubriantio
508 2691 709 2725 itinerario
732 2694 843 2734 (vers.
864 2690 1001 2734 germ.)
1028 2701 1056 2722 ι.
1086 2687 1160 2722 116.
1184 2693 1221 2721 et
1245 2697 1319 2731 125.
1368 2683 1565 2721 Bartholdi
