1706 3058
1339 165 1411 193 121

91 261 215 310 cujus
245 257 343 298 loco
386 269 711 310 nonnunquam
756 254 888 296 etiam
932 258 1240 311 ἐπιχειροτονεῖν
1281 258 1415 314 poni-

90 329 236 382 tur¹⁶).
296 326 417 369 Aliae
449 327 646 379 ejusdem
677 324 1018 382 significationis
1050 326 1302 369 locutiones
1332 331 1415 370 hae

90 410 220 442 sunt:
253 401 570 454 διαχειροτονίαν
599 397 666 438 vel
699 401 1013 452 ἐπιχειροτονίαν
1043 398 1223 450 διδόναι,
1265 413 1414 454 quam-

91 485 225 526 quam
256 468 418 526 prioris
448 468 622 524 propria
652 468 721 508 vis
754 480 832 515 est,
864 479 914 508 ut
942 479 1035 509 tum
1056 471 1233 510 demum
1264 471 1415 512 locum

90 543 269 588 habeat,
310 538 385 580 uhi
417 540 528 580 duae
560 538 811 596 rogationes
844 538 1044 580 diversae
1082 555 1412 598 proponuntur,

91 626 141 652 ex
175 609 337 666 quibus
379 611 584 651 alterutra
616 625 638 651 a
668 612 834 667 populo
874 611 1101 653 sciscenda
1139 619 1292 666 est¹⁷);
1335 618 1414 659 ἐπι-

87 685 246 739 τρέπειν
275 685 556 736 ψηφίζεσθαι,
588 682 751 738 ἐπάγειν
780 688 943 736 ψῆφον,
975 685 1189 739 ἐπερέσθαι
1218 687 1288 726 vel
1319 688 1416 742 ἐρω-

88 760 164 812 τᾷν
203 753 455 811 γνώμηνη),
505 755 625 808 quod
667 753 846 809 propria
886 754 1066 809 quidem
1105 767 1148 797 et
1187 755 1417 812 primitiva

91 823 419 882 significatione
444 824 588 865 differt
617 826 669 865 ab
702 827 976 879 ἐπιψηφίζειν,
1006 825 1234 869 comm'uni
1268 839 1416 870 autem

90 911 174 938 usu
204 894 418 951 loquendi
461 896 577 937 idem
610 897 738 936 valet.
799 899 913 938 Nam
945 897 1021 952 qui
1060 900 1277 954 populum
1310 915 1418 941 sen-

91 967 252 1011 tentiae
291 979 440 1023 rogat,
479 970 563 1008 hoc
603 966 700 1021 ipso
732 978 996 1022 potestatem
1037 969 1144 1010 facit
1173 972 1337 1026 populo
1369 971 1419 1013 in

90 1037 351 1094 suffragium
383 1036 538 1084 eundi,
572 1051 659 1094 quo
691 1037 958 1079 sententiam
990 1054 1116 1080 snam
1149 1053 1190 1082 et
1220 1043 1416 1084 volunta-

89 1121 182 1153 tem
215 1111 495 1160 declarem),
533 1119 577 1149 et
606 1123 720 1149 vana
746 1119 811 1149 est
832 1108 1057 1165 nullisque
1077 1112 1416 1157 auctoritatibus

92 1181 351 1222 confirmata
383 1177 564 1221 Luzacii
597 1177 773 1234 opiniO,
815 1179 896 1234 qui
927 1193 1076 1236 putat,
1117 1183 1282 1226 auditis
1314 1201 1416 1227 sua-

92 1251 297 1296 dentium
349 1248 792 1305 dissuadendumque
831 1251 1130 1307 orationibus,
1171 1254 1418 1311 Epistatam

88 1325 307 1380 populum
356 1335 554 1378 rogasse,
605 1321 712 1376 quid
763 1334 985 1372 censeret,
1035 1326 1207 1381 hocque
1256 1328 1416 1375 fuisse:

90 1398 306 1452 ἐπερέσθαι
336 1394 407 1433 vel
440 1395 621 1450 ἐρωτᾷνε
652 1404 809 1448 atque,
841 1408 944 1435 cum
976 1410 1109 1436 nemo
1142 1395 1313 1440 civium
1343 1415 1417 1442 ve-

91 1477 226 1515 taret,
259 1479 336 1512 ne,
371 1462 690 1505 deliberatione
722 1465 776 1504 ad
806 1464 938 1506 finem
969 1469 1209 1521 perducta,
1253 1471 1415 1513 concio

93 1537 142 1578 in
173 1534 378 1592 suffragia
409 1533 681 1581 mitteretur,
724 1545 817 1575 tum
850 1535 1044 1592 denique
1075 1541 1207 1590 hujus
1239 1555 1416 1597 quoque

93 1608 157 1650 rei
201 1607 376 1664 copiam
417 1606 582 1662 populo
624 1606 784 1648 factam
825 1609 1000 1663 essem).
1069 1609 1220 1653 Etiam
1259 1612 1417 1659 διδόναι

142 1751 196 1793 16)
222 1747 419 1783 Demosth.
453 1747 536 1781 adv·
570 1747 734 1782 Timocr.
768 1759 803 1793 p.
838 1762 916 1796 712.
951 1749 1080 1796 ibique
1112 1751 1235 1787 Jurin.
1271 1753 1320 1788 cf.
1347 1756 1418 1789 Va-

91 1811 159 1844 les.
187 1810 233 1844 ad
257 1812 477 1855 Harpocrat.
504 1821 539 1853 p.
565 1818 622 1855 75.
656 1808 756 1842 Alibi
787 1809 1071 1855 ἐπιχειροτονεῖν
1101 1812 1202 1847 idem
1237 1822 1294 1848 est
1318 1818 1419 1862 quod

92 1869 397 1917 ἐπιψηφίζεσθαι,
423 1869 446 1903 i.
470 1881 503 1903 e.
525 1868 733 1914 ἐπικυροῦν,
760 1871 946 1916 suffragiis
964 1873 1112 1908 sancire
1122 1880 1159 1908 et
1176 1876 1416 1921 confirmare,

94 1935 136 1961 ut
163 1941 220 1974 ap.
248 1930 448 1964 Demosth.
475 1930 636 1975 Philipp.
666 1932 694 1965 I.
720 1936 776 1975 48.
805 1932 851 1965 de
877 1934 1013 1967 Coron.
1047 1945 1124 1978 235.
1153 1936 1230 1970 261.

144 2003 196 2044 17)
216 2011 250 2032 v.
271 2000 393 2034 Vales.
420 2000 465 2033 ad
482 2001 663 2044 Harpocr.
685 2012 720 2045 p.
744 2011 799 2045 45.
819 2001 869 2035 cf.
892 2003 1140 2037 Demosthen.
1164 2004 1244 2039 adv.
1261 2006 1414 2042 Androt.

95 2070 131 2102 p.
157 2058 235 2103 596.
266 2058 346 2093 adv.
375 2061 539 2095 Timoer.
559 2073 594 2106 p.
620 2075 697 2107 707.
722 2075 801 2108 710.
837 2062 876 2097 in
894 2065 1029 2098 Neaer.
1053 2077 1088 2109 p.
1116 2066 1213 2108 1346.
1242 2067 1414 2102 Aeschin.

94 2120 173 2153 adv.
202 2121 435 2164 Ctesiphont.
454 2134 489 2166 p.
519 2134 598 2167 430.
624 2144 669 2149 —
715 2121 1033 2168 Ἐπιχειροτονιάν
1059 2121 1203 2162 διδόναι
1233 2139 1266 2161 v-
1295 2132 1418 2165 ποιεῖν

95 2186 153 2212 est
173 2191 230 2224 ap.
254 2181 452 2216 Demosth.
477 2182 557 2216 adv.
580 2183 782 2219 Timocrat‚
801 2196 837 2229 p.
865 2184 942 2230 706.
969 2183 1047 2228 716.

144 2250 200 2290 18)
222 2249 391 2295 Xenoph.
424 2253 606 2286 Memorr.
632 2254 692 2287 IV.
720 2265 754 2298 4.
790 2266 821 2288 2.
849 2253 1019 2298 Thucyd.
1046 2255 1076 2287 I.
1112 2264 1187 2299 125.
1218 2257 1414 2292 Demosth.

95 2308 175 2342 adv.
198 2310 352 2344 Androt.
372 2322 407 2354 p.
439 2321 516 2355 594.
549 2311 660 2347 Plura
694 2314 768 2348 vid.
806 2326 862 2360 ap.
891 2314 1070 2348 Abresch.
1100 2316 1265 2351 Dilucid.
1297 2318 1414 2353 Thuc.

98 2370 246 2418 Auctar.
283 2383 318 2416 p.
353 2371 429 2416 236.

148 2439 204 2483 19)
232 2440 377 2474 Eodem
407 2440 519 2474 modo
546 2441 705 2476 Romani
741 2454 876 2489 rogare
904 2446 1087 2490 populum
1110 2446 1260 2489 dicunt,
1299 2449 1419 2483 veluti

100 2498 295 2543 tribunos,
324 2508 518 2546 praetores
546 2503 683 2536 aliosve
708 2505 966 2550 magistratus,
1000 2506 1127 2552 legem
1146 2518 1300 2552 rogare,
1327 2509 1351 2542 i.
1382 2520 1415 2542 e.

100 2559 147 2592 de
166 2560 334 2594 creandis
352 2563 640 2608 magistratibus·
656 2565 895 2600 sciscendave
915 2566 1003 2612 lege
1019 2569 1158 2614 populo
1187 2569 1226 2602 in
1244 2569 1422 2614 suffragia

100 2620 214 2654 eundi
242 2628 464 2666 potestatem
493 2624 631 2658 facere.

148 2690 206 2731 20)
230 2690 396 2737 Disquis.
418 2692 462 2726 de
485 2693 554 2738 Ep.
576 2700 614 2728 et
633 2695 692 2728 Pr.
714 2695 746 2740 §.
767 2708 800 2741 7.
823 2707 858 2741 p.
884 2707 958 2741 105.
