1706 3058
1329 106 1413 154 219

91 201 168 259 qui
192 211 344 244 contra
366 203 482 242 hanc
502 202 644 257 legem
666 200 970 257 deliquissent,
1002 209 1209 255 poterant
1241 213 1263 240 a
1282 200 1414 243 Proe-

91 272 179 330 dris
209 271 258 312 in
289 270 535 328 proximam
567 272 832 315 concionem
864 270 1077 328 produci,
1118 284 1205 325 quo
1237 281 1312 310 aut
1342 274 1416 323 ju-

91 343 345 386 dicarentur
377 357 400 382 a
429 343 622 397 populo,
655 354 752 393 aut,
785 343 823 384 si
856 345 967 384 forte
996 343 1187 398 populus
1219 339 1314 397 ipse
1344 346 1416 395 ju-

93 413 261 457 dicium
293 427 492 456 exercere
532 415 693 461 nollet,
749 416 799 458 ad
841 413 1071 455 Heliaeam
1112 412 1415 465 rejicerentur.

92 485 280 529 Videtur
309 494 457 528 autem
489 483 538 527 id
569 495 664 526 tum
695 484 912 540 imprimis
946 484 1110 526 factum
1144 498 1255 530 esse,
1289 484 1324 524 si
1343 495 1419 526 aut

91 560 258 609 majore
288 570 418 610 quam
451 555 790 610 quingentarum
823 557 1133 596 drachmarum
1166 568 1309 609 poena
1350 555 1415 600 di-

90 625 168 683 gni
189 636 348 679 essent,
380 636 457 667 aut
482 625 528 666 in
561 627 794 677 concione,
827 641 918 668 non
948 625 994 667 in
1014 629 1178 668 Senatu
1211 626 1420 682 deliquis-

91 709 203 740 sent.
233 722 291 730 —
350 699 561 742 Ceterum
592 714 645 739 an
665 698 748 740 alia
768 710 939 754 praeter
960 700 1048 738 hoc
1076 712 1215 738 unum
1248 708 1421 739 exstent

93 771 295 826 exempla
335 768 601 810 deiictor‘um
643 785 665 810 a
697 768 1038 826 magistratubus
1080 784 1131 809 ex
1179 768 1330 809 officio
1372 768 1422 810 in

92 828 310 884 concione
340 842 772 901 persequendorum,
806 840 1012 898 equidem
1043 855 1307 896 magnopere
1336 843 1418 882 du-

93 912 206 958 bito.

178 984 453 1028 Indiciorum
485 997 508 1024 a
538 982 722 1041 privatis
754 984 808 1027 ad
847 984 1067 1039 populum
1108 981 1158 1025 in
1197 982 1426 1026 concione

94 1058 365 1104 delatorum,
430 1056 556 1111 plura
602 1065 1012 1096 commemorantur
1060 1069 1083 1094 a
1128 1053 1422 1111 scriptoribus

94 1130 308 1185 exempla.
369 1125 591 1183 Imprimis
622 1125 913 1171 memorabile
944 1124 1055 1166 illud
1087 1136 1173 1172 est,
1217 1127 1337 1182 quod
1368 1127 1422 1166 de

89 1200 281 1256 ‚Agorato
321 1198 471 1252 Lysias
512 1203 725 1249 narrat4).
793 1195 997 1241 Devictis
1039 1196 1161 1239 enim
1202 1198 1257 1238 ad
1287 1199 1423 1252 Aegos

91 1272 259 1312 flumen
288 1268 657 1319 Atheniensibus,
697 1284 801 1311 cum
843 1270 898 1310 de
927 1283 1033 1324 pace
1064 1283 1168 1310 cum
1200 1270 1425 1310 Lacedae-

96 1341 262 1385 moniis
294 1352 517 1399 ageretur,
561 1351 821 1397 essentque,
862 1340 939 1397 qui
972 1339 1127 1396 quavis
1159 1338 1425 1381 conditione

97 1428 254 1469 pacem
287 1412 381 1454 fieri
411 1422 617 1471 oportere
647 1413 990 1463 contenderent,
1030 1412 1148 1466 quod
1179 1425 1230 1451 ex
1263 1424 1311 1451 ea
1342 1424 1425 1451 no-

97 1499 255 1528 varum
285 1499 434 1526 rerum
464 1482 782 1539 evertendique
806 1482 1030 1539 popularis
1062 1493 1199 1523 status
1223 1480 1424 1529 ‘occasio-

99 1570 203 1596 nem
234 1554 322 1596 sibi
357 1555 452 1599 fore
483 1542 729 1611 sperabant,
761 1554 836 1599 alii
865 1566 1033 1601 contra,
1067 1552 1257 1609 Strategi
1290 1552 1422 1593 maxi-

98 1641 169 1668 me
201 1637 244 1668 et
272 1624 522 1676 Taxiarchi,
552 1637 783 1681 perspecto
815 1640 968 1666 eorum
991 1623 1196 1672 consiiio‚
1230 1616 1427 1666 summo-¹

98 1713 203 1757 pere
233 1697 287 1738 iis
319 1699 679 1744 adversarentur3
712 1699 794 1737 hos
827 1695 892 1739 illi
924 1707 975 1738 ut
1006 1693 1337 1752 opprimerent,
1372 1695 1426 1741 fi-

99 1769 183 1812 ctis
204 1767 469 1813 criminibus
501 1782 574 1808 eos
605 1767 782 1824 aggredi
813 1779 1078 1815 statuerunt,
1110 1778 1154 1808 et
1184 1771 1428 1823 Agoratum

99 1842 348 1902 quendam,
399 1838 574 1883 servilis
629 1839 900 1883 conditionis
947 1839 1206 1888 hominem,
1263 1839 1427 1881 falsum

99 1913 299 1957 indicem
330 1911 647 1956 subornarunt.
707 1915 749 1953 Is
779 1911 917 1969 igitur
937 1911 1135 1970 primum
1165 1911 1215 1951 in
1247 1913 1430 1959 Senatu,

100 1995 202 2043 post
233 1994 380 2027 autem
415 1981 544 2022 etiam
578 1982 625 2023 in
659 1983 892 2032 concione,
924 1982 1221 2041 plurimorum
1245 1979 1432 2024 nomina

104 2055 280 2098 detulit.
375 2053 493 2096 Οὕτω
538 2055 721 2110 σφόδρα,
768 2055 924 2109 Lysiae
971 2065 1076 2096 sunt
1125 2054 1282 2106 verba,
1327 2053 1432 2102 τινὲς

104 2129 393 2186 ἐπεμελοῦντο,
428 2124 538 2174 ὅπως
569 2128 637 2168 καὶ
667 2128 708 2169 ἐν
729 2133 786 2185 τῷ
817 2128 931 2187 δήμῳ
963 2129 1055 2183 περὶ
1083 2131 1166 2168 τῶν
1196 2130 1429 2180 στρατηγῶν

105 2202 175 2242 καὶ
204 2204 284 2241 τῶν
316 2202 536 2252 ταξιαρχῶν
567 2196 740 2251 μήνυσις
768 2202 939 2256 γένοιτο,
972 2197 1072 2240 ὥστε
1101 2197 1170 2244 καὶ
1190 2198 1273 2239 ἐκεῖ
1300 2196 1431 2251 παρά-

105 2285 248 2328 γουσιν
281 2274 339 2319 εἰς
368 2268 438 2312 τὸν
470 2272 614 2325 δῆμον.
681 2271 902 2325 Populus,
951 2271 1003 2310 ab
1042 2268 1123 2309 ista
1159 2265 1352 2310 factione
1384 2267 1431 2311 in

108 2342 309 2384 fraudem
341 2340 580 2388 inductus,
613 2356 710 2383 reos
741 2340 789 2382 in
819 2340 998 2383 vineata
1031 2341 1226 2398 dandos,
1257 2349 1300 2381 et
1330 2353 1433 2394 per-

111 2413 380 2455 duellionem
409 2411 466 2453 iis
498 2427 521 2452 a
549 2426 708 2468 magno
739 2412 908 2464 judicio
941 2405 1219 2464 Heliastico,-
1249 2426 1271 2452 e
1313 2410 1433 2464 judi-

110 2483 238 2526 cibus
269 2483 338 2527 bis
382 2485 532 2537 mille,
571 2483 598 2527 i.
642 2499 675 2526 e.
707 2495 897 2540 quatuor
938 2483 1200 2526 dicasteriis‘
1226 2483 1432 2529 conflato,

160 2636 196 2680 4)
227 2635 295 2669 Or.
323 2634 362 2668 in
385 2636 535 2680 Agorat.
561 2647 597 2680 p.
628 2645 702 2679 150.
732 2643 770 2678 15
796 2654 838 2660 ——
867 2645 942 2679 132.
969 2634 1000 2668 6.
