1706 3058
1335 129 1416 184 275

93 230 225 274 certis
257 230 525 286 quibusdam
555 231 706 286 legum
738 228 975 285 generibus
1013 229 1281 287 praescripta
1317 233 1415 274 sin-

91 301 282 357 gabriel,
335 315 448 358 quae
488 299 566 357 qui
606 314 699 341 non
747 312 987 354 servasset,
1033 299 1100 342 illi
1142 303 1415 347 accusationi

91 383 182 414 erat
214 371 445 415 obnoxius.
516 371 790 422 Huiusmodi
822 370 933 412 illud
971 382 1056 420 est,
1099 375 1217 428 quod
1246 379 1416 419 Demo-

89 445 266 486 sthenes
298 445 453 495 docet,
501 443 555 483 de
595 442 865 499 privilegiis,
905 456 982 483 seu
1023 442 1185 485 talibus
1223 446 1412 503 legibus,

91 529 204 571 quae
233 529 325 556 non
356 513 591 556 universae
621 513 841 562 civitatis,
874 516 952 556 sed
982 514 1117 556 unius
1149 527 1225 556 aut
1252 532 1415 573 pauco·

87 601 188 627 rum
218 584 454 627 hominum
484 599 612 626 causa
644 586 876 627 ferrentur.
937 584 1130 626 Cautum
1157 587 1275 629 enim
1310 602 1414 640 erat,

87 671 144 698 ne
173 657 349 705 liceret,
384 654 434 696 in
464 655 739 711 privatorum
771 654 959 712 gratiam
991 668 1066 698 aut
1099 659 1310 701 damnum
1341 664 1416 702 ul-

87 731 174 770 lam
206 729 349 785 legem
382 726 511 775 ferri,
555 741 669 782 quae
708 741 802 767 non
842 728 899 768 ad
939 742 1092 770 omnes
1124 744 1261 785 aeque
1292 731 1413 775 cives

85 798 357 855 pertineret,
390 797 479 839 nisi
509 797 595 847 ita,
627 797 667 841 si
697 813 743 839 re
775 798 822 838 in
854 798 1052 840 comitiis
1069 801 1235 856 populo
1253 816 1415 859 propo.

85 869 194 918 sita,
237 869 479 911 minimum
520 884 596 911 sex
626 868 766 911 millia
797 869 991 919 civium,
1033 871 1220 913 occultis
1250 873 1412 914 suffra-

83 939 166 997 giis
196 940 324 994 latis,
367 954 462 981 eam
492 941 635 997 legem
667 940 772 982 ferri
803 941 1199 996 concessissent⁵2).
1260 946 1415 1001 Neque

83 1071 188 1107 tum,
221 1065 347 1110 legem
379 1076 484 1099 suam
515 1077 592 1099 non
626 1067 725 1111 apud
757 1066 1027 1108 Nomothetas‚
1072 1069 1139 1102 sed
1170 1070 1211 1102 in
1249 1072 1414 1106 comitiis

82 1124 298 1171 pertulisse.
349 1125 423 1159 Sed
446 1126 615 1161 breviter
637 1133 783 1161 tantum
809 1133 847 1161 et
871 1139 958 1161 cum
983 1128 1144 1173 quadam
1170 1131 1346 1166 cautione
1371 1144 1414 1167 ac

81 1186 285 1220 timiditate
307 1185 407 1220 hunc
432 1187 561 1221 locum
585 1187 739 1233 attingit
771 1188 1069 1231 Demosthenes,
1107 1191 1208 1235 quod
1238 1203 1315 1227 non
1342 1195 1412 1228 mi-

82 1258 170 1282 rum
194 1247 383 1281 videbitur
408 1247 464 1290 ei,
491 1247 576 1293 qui,
613 1259 710 1294 quae
743 1248 870 1293 paullo
905 1256 992 1284 ante
1025 1250 1095 1284 hac
1120 1251 1166 1285 de
1190 1263 1233 1287 re
1256 1265 1278 1288 a
1302 1255 1412 1289 nobis

82 1307 184 1343 dicta
207 1313 314 1351 sunt,
337 1308 565 1353 probaverit.
615 1308 672 1342 Ad
694 1308 767 1343 hoc
791 1310 1011 1345 meminisse
1035 1317 1207 1356 oportet,
1231 1314 1413 1351 ‘mutel-o·-

80 1372 164 1416 γίαν
188 1380 270 1403 esse
293 1368 392 1407 hanc
416 1369 646 1410 orationem,
672 1368 837 1414 ideoque
860 1369 1031 1405 fortassis
1053 1372 1271 1408 breviorem
1294 1374 1414 1411 fuisse

83 1435 275 1464 oratorem
297 1428 338 1462 in
361 1429 420 1473 iis,
449 1441 545 1476 quae
566 1431 642 1473 jam
660 1434 748 1462 ante
772 1429 818 1463 ab
835 1429 1079 1476 Aphepsione
1101 1439 1166 1467 aut
1184 1434 1414 1470 Phormione

82 1490 170 1524 satis
194 1495 426 1535 pertractata
449 1497 588 1525 essent.
608 1490 682 1524 vid.
706 1491 859 1535 Argum.
884 1489 961 1534 huj.
988 1502 1042 1526 or.
1068 1505 1104 1538 p.
1131 1503 1211 1539 454.
1238 1502 1278 1530 et
1290 1496 1408 1531 Wolf.

81 1550 259 1595 Prolegg.
286 1556 364 1585 not.
392 1562 446 1596 24.

126 1619 187 1664 52)
213 1618 414 1653 Demosth.
449 1619 529 1654 adv.
566 1620 772 1655 Timocrat.
806 1632 842 1666 p.
875 1632 954 1667 719.
990 1619 1093 1667 Μηδὲ
1125 1621 1242 1670 νόμον
1272 1623 1411 1669 ἐξεῖναι

82 1676 139 1716 ἐπ’
162 1677 270 1726 ἀνδρὶ
281 1681 421 1722 θεῖναι,
446 1679 513 1716 ε’ᾰν
536 1680 588 1726 μή
610 1679 677 1716 τᾶν
701 1679 814 1716 αὐτόν
837 1680 900 1717 ἐπὶ
923 1680 1036 1718 πᾶσιν
1058 1681 1278 1728 Ἀθηναίοις
1299 1688 1410 1735 τιθῇ,

80 1743 348 1787 ψηφισαμένων
381 1739 432 1785 μή
464 1739 618 1777 ἔλαττον
650 1740 920 1786 ἑξακισχιλίων,
963 1742 1016 1779 οἷς
1048 1742 1095 1779 ἂν
1128 1741 1217 1793 δόξῃ
1247 1744 1409 1792 κρύβδην

79 1802 354 1846 ψηφιζομένοις.
404 1801 576 1835 Dubium
598 1807 775 1843 nonest,
813 1803 904 1847 quin
934 1804 1221 1840 rescribendum
1244 1806 1292 1839 sit
1317 1819 1407 1843 cum.

79 1862 224 1903 Petito,
250 1861 366 1906 Legg.
392 1862 467 1895 Att.
493 1862 543 1895 II.
575 1874 603 1897 1.
630 1867 663 1900 8.
690 1873 727 1906 p.
757 1866 832 1901 188.
856 1862 922 1899 ἒιὶν
954 1865 1006 1911 μή
1030 1871 1295 1912 ψηφισαμένων
1318 1867 1408 1910 ἑξα-

80 1921 281 1965 κκχιλίωνε
308 1922 368 1955 cui
392 1922 650 1957 emendationi
672 1923 814 1958 frustra
845 1924 1101 1972 obloquuntur
1133 1927 1406 1971 Wesseh‘ngius

80 1983 129 2017 ad
152 1982 262 2018 Petit.
288 1988 326 2016 et
347 1982 531 2027 Taylorus
555 1983 603 2017 ad
625 1983 822 2019 Demosth.
856 1984 883 2018 l.
909 1985 934 2020 l.
972 1987 1155 2031 Vulgatae
1177 1998 1307 2021 sensus
1341 1987 1406 2023 hic

81 2049 158 2078 est:
186 2053 262 2075 non
286 2041 415 2085 licere,
443 2045 481 2077 in
504 2044 647 2089 privati
671 2043 830 2078 hominis·
846 2047 1011 2092 gratiam
1034 2046 1154 2093 legem
1169 2045 1287 2091 ferre,
1312 2060 1406 2096 quae

81 2116 157 2141 non
184 2102 311 2138 eadem
337 2104 375 2137 in
401 2105 592 2139 universae
617 2105 779 2140 civitatis
801 2108 965 2152 gratiam
981 2105 1152 2153 foratur,
1186 2115 1223 2142 et
1245 2108 1405 2156 quidem,

79 2172 280 2212 postquam
304 2163 524 2211 suffragium
548 2165 701 2200 tulerint
723 2178 786 2201 sex
811 2167 929 2202 millia
953 2169 1108 2209 civium,
1144 2170 1207 2216 qui
1230 2181 1408 2216 compro-

82 2226 207 2261 bat-int
230 2225 349 2272 legem
374 2225 558 2273 suffragio
585 2226 738 2262 occulto,
787 2230 904 2270 Sane,
930 2228 1031 2274 quod
1054 2230 1325 2275 Wesselingius
1349 2231 1407 2264 di·-

82 2288 152 2330 cit,
178 2292 324 2321 constat
348 2287 464 2321 etiam
487 2287 568 2322 sine
602 2287 735 2321 additis
757 2288 947 2323 vocabulis
981 2279 1124 2332 oratio»,
1157 2290 1312 2337 lenique
1346 2299 1403 2326 te·

81 2359 176 2382 nore
201 2347 379 2381 decurrit.
404 2367 450 2374 ——
496 2349 544 2381 At
567 2359 663 2394 quae
697 2348 756 2382 lex
787 2349 827 2382 in
853 2349 1113 2384 universorum
1143 2341 1301 2397 gratiam
1325 2353 1404 2386 fer-

82 2418 166 2452 tur,
192 2409 266 2442 dici
289 2420 365 2442 non
386 2410 463 2452 jam
486 2415 612 2454 potest
633 2409 674 2443 in
697 2409 804 2444 unius
836 2410 995 2455 gratiam
1026 2410 1137 2445 ferri:
1174 2414 1306 2458 neque'
1330 2413 1403 2457 igi-

82 2478 146 2505 tur
169 2468 411 2515 privilegium
427 2469 586 2514 amplius
611 2476 690 2513 est,
717 2470 782 2506 sed
804 2471 956 2516 genera'
1004 2472 1298 2517 praescriptum:
1336 2485 1403 2505 ne·-

84 2543 158 2577 que
182 2530 300 2576 igitur
324 2541 415 2575 opus
440 2536 542 2573 erat,
571 2530 617 2564 de
639 2530 720 2564 istis
743 2531 888 2577 legibus
912 2531 1102 2577 singulare
1126 2533 1269 2580 aliquid
1292 2546 1400 2579 prae-

82 2598 143 2626 ter
165 2591 359 2636 vulgarem
382 2590 555 2625 ordinem
578 2591 769 2626 constitui.
818 2592 940 2636 Dein,
980 2593 1012 2626 si
1034 2594 1222 2638 vulgatam
1245 2596 1321 2629 loci
1344 2596 1398 2629 le-

83 2644 261 2690 ctionem*
274 2651 486 2698 sequimur,
519 2652 644 2687 nullus
667 2652 895 2699 relinquitur
925 2653 1135 2699 privilegiis
1165 2654 1280 2689 locus.
1328 2656 1400 2689 'ra--
