1706 3058
1326 101 1409 160 309

79 204 181 263 qui,
231 219 335 246 cum
366 217 511 262 neque
543 204 801 251 consulant.
834 217 976 261 neq-ue
1005 205 1227 260 judicent,
1256 223 1403 266 neque

77 276 321 332 imperent,
370 287 518 317 tamen
557 273 606 316 in
646 275 872 333 fungendo
914 277 1183 332 reipublicae
1221 295 1404 324 munere

75 362 347 404 quocunque
376 361 469 387 non
502 344 692 386 aliorum
725 346 917 403 imperio
950 348 1169 391 obediunt
1198 361 1242 393 et
1271 367 1404 394 manv

75 421 172 466 data
205 428 531 474 exsequuntur,
561 419 659 465 sed,
693 421 813 473 quod
837 433 859 460 a
889 419 1114 473 republica
1140 425 1403 467 mandatum

72 501 203 546 atque
245 480 502 540 injunctum
544 498 636 535 est.
676 503 758 530 suo
800 488 966 540 judicio
1009 501 1140 546 atque
1170 495 1401 550 arbitratu,

70 573 203 618 prout
242 559 349 616 ipsis
391 557 560 614 optime
603 559 700 600 fieri
743 574 872 615 posse
903 559 1101 609 videtur,
1144 565 1397 618 perficiunt,

70 633 118 675 hi
151 631 291 688 igitur
330 645 484 680 omnes
515 645 661 686 neque
694 631 977 687 magistratus
1017 646 1163 688 neque
1202 635 1398 678 ministri

69 705 148 751 sed
193 713 415 751 curatores
459 702 707 757 appellandi
750 713 867 744 sunt.
951 704 1093 758 Atque
1142 706 1248 747 tales
1296 719 1402 757 eunt

69 775 187 830 apud
226 772 519 818 Athenienses
561 784 604 812 et
648 772 780 829 legati
822 785 865 814 et
904 775 1126 831 συνήγοροιΥ
1156 788 1199 818 et
1229 779 1401 827 scribae

67 844 275 892 nonnulli
307 855 349 885 et
390 843 702 900 inquisitores,
746 855 789 885 et
827 856 1083 901 quaestores
1113 852 1316 903 (ιαμίιϊι),
1348 861 1402 892 ut

65 927 202 973 puto,
231 929 411 962 omneS,
445 925 488 954 et
520 920 686 957 σιτῶναι
716 926 759 956 et
789 921 948 971 βοῶναι
977 916 1144 974 aliique
1174 905 1399 974 ejusmodi

64 989 223 1043 plures,
258 984 336 1041 qui
369 984 482 1025 mihi
504 984 747 1041 aptissume
766 999 989 1029 curatores
1019 991 1287 1045 (ἐπιμεληταί)
1319 1007 1398 1048 εις)φ

65 1057 219 1114 pellari
263 1070 391 1114 posse
431 1054 514 1096 visi
557 1067 684 1105 sunt,
739 1072 1009 1114 quamquam
1044 1059 1222 1114 propria
1260 1065 1398 1115 hujus

65 1128 276 1176 vocabuli
316 1122 386 1174 vis
424 1126 563 1174 latius,
597 1137 741 1183 patet,
785 1139 827 1176 et
858 1129 1181 1184 imperatorum
1213 1146 1394 1188 quoque

65 1211 110 1243 et
166 1199 476 1246 ministrorum
522 1212 707 1240 munera
756 1199 1005 1243 curationes
1053 1200 1144 1247 dici
1189 1214 1393 1265 Possunt,

64 1272 446 1329 quemadmodum
475 1270 527 1309 ab
560 1269 790 1311 Aristotele
822 1271 992 1312 factum
1030 1271 1253 1320 vidimus„
1307 1277 1396 1317 Ce-

61 1354 208 1384 terum
239 1341 289 1382 in
319 1337 665 1385 Atheniensium
704 1342 931 1397 republica
961 1354 1004 1384 et
1036 1342 1130 1386 vita
1161 1346 1394 1395 communi

63 1410 285 1465 ejusmodi
336 1411 654 1458 vocabulorum
711 1410 944 1460 distinctio
997 1416 1127 1470 plane
1182 1415 1393 1466 inusitata

63 1496 178 1533 erat;
221 1494 265 1525 et
305 1480 382 1540 qui
424 1482 546 1538 apud
572 1480 672 1522 illos
713 1484 946 1539 ἐπιμεληταί
983 1497 1225 1535 vocantur,
1267 1490 1392 1530 velut

64 1557 295 1610 ἐπιμεληταὶ
338 1560 414 1597 τοῦ
464 1557 688 1612 «ε’,ιιπορίου,ι
733 1569 812 1614 pro
851 1555 1191 1611 magistratubus
1236 1559 1392 1613 potius

63 1641 196 1684 quam
229 1625 507 1673 curatoribus
538 1623 730 1672 habendi
762 1636 877 1668 sunt.
925 1628 1047 1689 ”Exn
1086 1630 1131 1673 δὲ
1166 1635 1290 1680 ταῦτα
1318 1631 1390 1674 τιν’

61 1699 188 1753 {illm
218 1697 480 1751 διανοητικὴν
508 1701 795 1754 πραγματείαν,
828 1709 879 1739 ut
901 1697 963 1739 ait
982 1688 1251 1742 Aristoteles.
1303 1703 1391 1744 Sed

60 1772 177 1811 hanc
208 1767 519 1825 quaestionem
549 1779 839 1829 ¹pertractare,
873 1767 935 1809 ita
965 1780 1017 1818 ut
1046 1782 1246 1812 accurate
1278 1772 1392 1813 defi-s

59 1841 236 1894 niatur,
277 1848 496 1896 quaenam
536 1829 653 1894 apud
682 1838 967 1881 Athenienses
998 1857 1187 1890 munera
1211 1843 1393 1899 publica

60 1927 145 1970 pto
174 1910 532 1968 magistratubus,
565 1924 677 1965 quae
708 1923 785 1964 pro
816 1910 1142 1965 curationibus,
1174 1929 1281 1969 quae
1310 1917 1391 1959 dea,-

59 1983 199 2040 nique
228 1995 310 2038 pro
340 1980 606 2029 ministeriis
639 1983 841 2031 habenda
862 1981 972 2031 sint,
1002 1993 1044 2025 et
1068 1982 1390 2033 difficillimum

61 2067 150 2104 est,
182 2067 329 2110 neque
357 2055 490 2104 hujus
511 2054 611 2096 loci.
670 2054 784 2094 Illud
814 2067 1007 2109 agamus,
1042 2056 1163 2108 quod.
1181 2068 1386 2106 nostrum

63 2137 149 2176 est,
190 2137 243 2169 ut
275 2126 651 2174 demonstremus,
692 2135 908 2181 quantum
936 2124 1117 2183 quidem
1156 2127 1256 2175 fieri
1286 2140 1389 2184 pot-

63 2209 151 2247 est,
185 2207 228 2238 et
258 2195 336 2253 qui
367 2210 388 2236 a
419 2199 587 2253 populo
628 2196 676 2237 in
717 2194 916 2238 comitiis
956 2195 1089 2240 creati
1120 2196 1211 2238 sint
1242 2199 1386 2255 magi<-

64 2279 253 2316 stratus,
281 2277 517 2317 curatores,
549 2266 759 2317 ministri,
792 2278 836 2308 et
855 2268 1086 2322 quomodo*
1117 2268 1251 2309 creati
1282 2268 1388 2311 sint.

64 2342 349 2397 Quamquam
389 2337 438 2380 id
477 2336 657 2396 quidem
698 2353 871 2395 sperare
909 2338 1154 2387 nonlicet,
1187 2341 1300 2388 fore,
1333 2353 1386 2382 ut

64 2425 222 2454 omnes
252 2423 586 2459 recenseantur,
630 2410 741 2451 nulli
780 2408 1201 2465 praetermittantur.
1261 2413 1387 2452 Mu]-

64 2494 216 2525 torum
246 2481 369 2528 enim
395 2481 579 2528 nomina
608 2492 785 2523 tantum
814 2481 1046 2530 habemus,
1077 2492 1296 2537 praeterea
1317 2481 1384 2526 ni-

64 2553 145 2597 hil.
205 2554 290 2597 Sed
322 2553 435 2595 dabo
465 2553 673 2609 equidem
705 2567 909 2609 operam,
949 2562 999 2592 ut
1029 2565 1277 2595 recenseam
1310 2567 1384 2594 eos

67 2638 222 2668 omnes
240 2658 252 2677 ,
277 2638 390 2681 quos
420 2623 468 2669 in
500 2623 699 2671 comitiis
729 2634 895 2667 creatos
927 2637 1020 2666 esse
1049 2622 1287 2680 scriptores
1317 2638 1391 2666 ve-
