1706 3058
1351 63 1430 114 527

116 168 302 222 πλὲίστας
331 170 382 215 οὔ
412 171 541 227 μόνον
569 178 650 214 τῶν
680 174 779 216 καθ’
814 173 958 217 ἑαυτὸν
969 207 981 226 ,
1019 173 1117 216 ἀλλά
1146 173 1215 215 καὶ
1243 178 1325 214 τῶν
1355 173 1435 227 πρό

115 242 246 286 αὑτοῦ
276 246 531 300 στρατηγίας,
573 242 623 286 οὗ
653 247 956 302 παραγγέλλων,
999 244 1093 288 οὐδὲ
1122 243 1276 299 μετιών.
1346 244 1435 284 Sed

115 313 265 371 ipsum
295 314 408 356 illud
439 315 624 356 verbum
654 317 937 371 παραγγέλλὲιν
979 319 1094 372 apud
1123 325 1291 357 veteres
1322 310 1437 355 Atti-

115 400 191 428 cos
223 388 309 428 hoc
340 401 469 428 sensu
500 399 593 427 non
623 396 884 441 usurpatur;
924 386 974 427 hi
1012 398 1089 429 aut
1120 384 1435 442 ἀρχαιρεσιάζειν

115 456 342 506 dixerunt,
384 459 502 514 quod
532 458 719 498 verbum
749 471 802 497 ex
841 461 960 499 Isaeo
1000 469 1043 499 et
1081 458 1307 500 Dinarcho
1347 470 1438 498 no·-

112 538 262 570 tarunt
293 526 671 580 Grammaticiss),
713 540 792 570 aut
829 534 1128 587 σπουδαρχιᾷν,
1171 530 1288 585 quod
1318 528 1438 584 apud

113 600 295 642 Suidam
335 599 548 656 exstat⁷³).
608 603 760 656 Neque
798 600 1048 658 incognitas
1086 611 1164 641 aut
1192 600 1434 641 intentatas

111 670 269 713 Atticis
309 669 576 727 petitoribus
617 673 752 715 fuisse
783 674 1023 731 captandae
1048 670 1274 729 popularis
1306 683 1437 712 aurae

110 743 228 791 vias,
261 744 335 784 vel
366 757 417 783 ex
447 757 499 784 eo
531 742 719 796 intelligi
750 756 918 801 potest,
951 747 1072 802 quod
1100 746 1289 785 verbum
1321 742 1438 783 illud.

112 814 446 871 ἀρχαιρεσιάζειν,
497 815 622 869 quod
665 815 890 871 propriam
942 818 1074 858 habet
1125 812 1352 858 ambiendi
1391 821 1436 852 et

109 885 293 943 petendi
325 886 602 940 magistratus
643 886 1044 942 significationem,
1090 887 1223 930 etiam
1265 881 1437 926 adulari

109 957 230 1014 plebi
262 968 306 998 et
336 955 643 998 multitudinis
683 959 883 1002 favorem
921 961 1073 1002 venari
1102 956 1346 1016 significat:
1386 954 1433 996 τὸ

107 1031 212 1087 πρὸς
239 1029 355 1085 χάριν
385 1036 468 1079 τοῖς
497 1035 663 1079 πολλοῖς
704 1033 849 1087 ζῇνᾞ.
906 1034 971 1072 Ex
1007 1029 1079 1071 his
1120 1024 1434 1072 honestissima

107 1100 275 1144 merito
293 1098 480 1141 dicenda
508 1112 573 1142 est
601 1100 841 1145 liberalitas
861 1116 959 1158 erga
978 1101 1125 1149 cives,
1157 1114 1244 1156 qua
1273 1097 1437 1140 Cimon

109 1173 318 1215 omnibus
348 1171 653 1213 antecelluisse
684 1170 862 1225 dicitur,
895 1183 940 1213 et
968 1170 1254 1229 liturgiarum
1284 1166 1434 1210 muni.

108 1243 307 1292 licentia,
339 1258 449 1299 quae
479 1241 635 1286 Niciae
665 1258 894 1284 summum
916 1243 1075 1299 populi
1101 1244 1299 1285 favorem
1322 1253 1436 1281 con-

109 1315 352 1365 ciliavit⁷⁵).
412 1314 495 1356 Sed
526 1327 658 1369 quam
681 1314 848 1355 multae
869 1314 1002 1355 etiam
1021 1313 1258 1355 inhoneste
1288 1323 1332 1353 et
1352 1324 1434 1366 per

108 1389 231 1432 nefas
270 1383 500 1428 crescendi
541 1384 895 1440 opportunitates
943 1384 992 1425 in
1040 1384 1118 1426 tali
1157 1381 1435 1440 reipublicae

109 1462 248 1503 forma
278 1454 524 1500 ambitiosis
555 1454 813 1497 hominibus
844 1458 1015 1497 oblatae
1046 1455 1159 1504 sint,
1190 1470 1284 1496 non
1316 1466 1432 1508 opus

107 1542 175 1574 est
205 1542 566 1572 commemorare.
625 1526 827 1570 Ambitus
867 1539 910 1570 et
949 1526 1132 1570 illicitae
1170 1523 1432 1582 largitiones

105 1617 198 1645 non
227 1600 378 1642 minus
409 1597 458 1639 in
488 1598 825 1640 Atheniensium
856 1598 1053 1641 comitiis
1092 1585 1223 1655 quam
1258 1596 1309 1638 in
1337 1599 1432 1638 Ro-¹

106 1685 343 1715 manorum
383 1668 547 1709 versari
584 1669 840 1725 saepissime
879 1672 1102 1720 solebant,
1143 1667 1431 1726 queriturque

104 1741 403 1793 Isocrates⁷⁶),
442 1753 526 1781 suo.
561 1749 784 1799 tempore,
830 1753 884 1783 ut
913 1742 1012 1798 quis
1040 1738 1432 1798 impudentissime

151 1911 212 1956 72)
238 1909 460 1953 Harpocrat.
488 1913 527 1943 et
549 1908 650 1943 Suid.
677 1921 705 1943 s.
731 1921 765 1944 v.
784 1911 917 1958 Συναγ.
938 1906 1009 1950 λεξ.
1028 1919 1174 1953 χρησιμ,
1193 1905 1428 1953 p.'449.P01-

106 1970 171 2004 lux
193 1970 298 2003 VIII.
324 1973 380 2007 82.

152 2038 212 2085 75)
239 2037 345 2082 Apud
368 2038 659 2084 Xenophontem
682 2040 863 2084 petitores
888 2037 1110 2082 simpliciter
1136 2036 1308 2072 dicuntur
1332 2032 1429 2081 αἶρε-

105 2099 221 2145 &ivai
244 2096 534 2145 ἐπιμελούμενοι.
583 2100 792 2135 Memorab.
820 2102 891 2135 III.
918 2112 997 2144 cap.
1025 2101 1055 2133 I.
1088 2099 1122 2143 ἕ.
1148 2109 1180 2142 3.

153 2170 214 2217 74.)
248 2168 409 2213 Hesych.
436 2168 475 2202 in
499 2164 796 2215 ἄρχαιρεσωέζενν.
831 2169 880 2204 cf.
915 2167 1075 2204 Bekker.
1107 2167 1290 2203 Anecdot.
1323 2169 1354 2201 Ι.
1381 2179 1420 2212 p.

107 2242 187 2277 449.
216 2235 270 2269 28.

153 2300 213 2346 75)
239 2297 427 2332 Plutarch.
442 2298 587 2334 Cimon.
612 2309 692 2343 cap.
720 2312 771 2334 10.
799 2299 881 2334 Niess.
908 2311 986 2344 cap.
1011 2299 1172 2343 3.-Cf.
1185 2300 1270 2343 Lys.
1283 2297 1329 2332 de
1342 2298 1423 2334 Ari-

109 2360 231 2406 stoph.
256 2360 344 2394 bon.
369 2371 404 2404 p.
435 2369 510 2406 157.
536 2371 568 2404 9.
596 2356 664 2394 εἶσὶ
688 2357 727 2396 δέ
748 2372 841 2397 τινες
858 2357 898 2396 οἶ
908 2358 1236 2405 προαναλίσκοντες
1261 2357 1328 2404 (εἷς
1352 2360 1421 2395 λει-

107 2421 307 2468 τουργίας),
341 2416 384 2456 οὗ
415 2417 532 2466 μόνον
563 2419 698 2456 τούτου
724 2420 860 2463 ἕνεκεν,
893 2417 972 2456 ἀλλ’
1001 2420 1064 2457 ἵνα
1091 2420 1214 2467 ἄρχειν
1236 2418 1296 2466 ὕφ’
1317 2418 1421 2464 ὑμῶν

109 2480 348 2525 «ἰξιωθέντες,
383 2479 558 2517 διπλάσια
590 2483 822 2525 κομίσωνται.

153 2550 213 2597 76)
241 2549 373 2584 Social.
399 2561 435 2594 p.
461 2561 539 2594 400.
569 2547 832 2598 oarmessduyov
854 2548 975 2586 αὖτοῖν
1000 2549 1090 2595 (τῶν
1111 2548 1248 2597 νόμων)
1275 2551 1421 2598 ‹sponi-

108 2611 235 2660 ζομιν,
261 2606 351 2647 ὥστε
374 2608 542 2650 θανάτου
564 2608 627 2659 τῆς
650 2610 779 2661 ζημίας
800 2609 1046 2664 ἐπικειμένης.
1067 2611 1113 2661 ἤν
1135 2624 1189 2650 τις
1212 2609 1290 2649 αἶλοῖ
1313 2609 1422 2653 δεκάς
