1706 3058
268 156 346 199 180

271 257 478 304 curam).
552 246 862 302 Ἀνδρολήψιον
910 253 1060 286 autem
1109 243 1338 300 clarigatio
1384 245 1600 303 quaedam

273 338 364 374 est,
407 324 522 365 inter
554 320 832 360 diversarum
872 315 1054 357 urbium
1084 316 1227 363 cives,
1271 318 1323 357 ad
1355 315 1499 357 caedis
1529 316 1602 357 ul-

274 399 462 441 tionem,
485 404 598 448 qnae
621 388 748 429 aliter
767 385 1142 442 obtinerinequit‚
1167 387 1602 443 consequendam’0).

282 465 477 523 Προμύλή
520 460 632 518 quid.
671 458 754 509 sit,
804 459 954 513 paullo
995 468 1095 513 post
1134 457 1469 514 explicabimus.
1538 460 1605 498 De

274 539 501 594 εἰσαγγελίᾳ
531 544 680 575 autern
712 544 836 572 nunc
866 532 952 579 jam
979 529 1225 571 accuratius
1247 530 1464 585 agendum
1498 538 1577 568 est.

364 612 432 651 Ex
454 606 525 654 iis,
559 619 668 661 quae
701 604 755 644 de
785 602 1069 658 publicorum
1101 601 1342 642 criminum
1375 610 1529 640 natura
1559 612 1609 640 ac

279 679 451 726 ratione
488 677 638 732 paullo
680 685 781 715 ante
823 688 845 713 a
886 673 1019 714 nobis
1060 671 1280 727 disputata
1314 682 1440 717 sunt,
1483 668 1610 710 facile

279 748 475 805 'intelligi
506 757 666 804 potest,
699 743 944 786 innumeris
967 741 1116 782 modis
1148 740 1210 782 ita
1234 740 1437 796 delinqui
1469 755 1611 796 posse,

280 837 334 867 'ut
364 818 610 877 respublica
640 817 736 872 ipsa
766 814 896 869 laedi,
927 813 1120 869 ideoque
1140 812 1372 868 publicum
1398 811 1613 853 delictum

280 891 513 940 committi
551 888 768 929 videatur.
845 889 1038 928 Possunt
1079 896 1227 925 autem
1270 883 1461 925 subinde
1501 882 1614 937 ficri,

285 981 401 1025 quae
433 964 583 1005 futura
615 973 707 1001 esse
736 956 961 1014 legislator
999 954 1236 1012 providere
1267 955 1468 1011 nequiit3
1510 969 1616 1011 pos—

285 1048 394 1081 sunt
432 1046 522 1076 tam
555 1029 792 1087 singularia
842 1027 1004 1069 delicta
1046 1025 1251 1073 existere,
1301 1037 1352 1067 ut
1395 1028 1619 1082 generales

289 1113 439 1165 legum
491 1099 865 1161 praescriptiones
917 1100 973 1140 ad
1016 1113 1064 1140 ea
1103 1097 1315 1154 applicari
1356 1111 1448 1138 non
1490 1097 1621 1138 facile

290 1179 476 1240 possint.
545 1173 698 1231 Leges
747 1171 870 1213 enim
911 1171 978 1214 ita
1008 1170 1149 1212 scribi
1188 1185 1276 1211 non
1308 1177 1529 1226 possunt,
1571 1177 1621 1213 ut

293 1251 467 1300 omnia,
500 1261 615 1303 quae
639 1242 906 1301 quandoque
930 1242 1192 1292 inciderint,
1227 1239 1623 1298 comprehendan-

292 1333 384 1368 tur.
445 1317 650 1371 Denique
681 1313 775 1354 sieri
806 1311 1063 1367 saepissime
1094 1322 1263 1367 potest,
1294 1323 1344 1352 ut
1374 1313 1529 1352 eadem
1559 1311 1626 1352 fa-

296 1396 472 1439 cinora,
503 1401 585 1445 pro
617 1383 793 1427 infinita
823 1382 1083 1431 hominum,
1116 1398 1267 1424 rerum
1299 1394 1429 1439 atque
1458 1393 1626 1438 tempo·

295 1480 397 1511 rum
426 1460 662 1505 varietate,
702 1455 839 1496 modo
880 1452 1047 1494 leviora
1085 1453 1328 1494 videantur
1367 1463 1410 1494 et
1438 1453 1626 1502 minora,

299 1536 463 1581 modo,
509 1544 614 1572 cum
650 1530 702 1569 ab
733 1523 831 1566 aliis
862 1522 1145 1572 horninibus,
1187 1524 1269 1565 alio
1300 1536 1499 1581 ternpore
1531 1524 1629 1566 aliis

304 1612 360 1652 de
391 1602 533 1648 causis
572 1597 761 1641 admissa
803 1594 918 1647 sint,
959 1598 1126 1646 majora
1166 1598 1308 1638 multo
1340 1606 1383 1636 et
1413 1594 1629 1652 graviora,
1688 1619 1700 1624 -

302 1682 498 1733 ideoque
528 1668 778 1715 accuratius
811 1675 854 1707 et
882 1664 1102 1715 severim,
1136 1681 1270 1722 quam
1300 1667 1456 1722 vulgo,
1486 1680 1631 1726 pegge.

305 1749 483 1810 quenda
523 1755 565 1785 et
608 1738 895 1782 vindicanda.
963 1738 1085 1777 Haec
1123 1735 1263 1792 igitur
1301 1737 1485 1791 delicta,
1527 1751 1633 1779 cum

307 1840 331 1866 a
361 1815 536 1876 vulgari
560 1812 732 1855 ratione
760 1809 980 1857 recedant,
1010 1818 1054 1848 et
1084 1807 1212 1850 certis
1242 1808 1390 1864 legum
1423 1806 1635 1864 praescri·

306 1890 539 1954 ptionibus
567 1899 661 1926 non
683 1879 1130 1936 comprehendantur,
1159 1893 1306 1935 neque
1335 1879 1383 1920 in
1416 1879 1638 1933 judicium

310 1960 473 2010 deduci
502 1965 690 2016 possunt
719 1949 946 1994 ordinario
980 1953 1142 2003 modo,
1174 1965 1319 2006 neque
1350 1950 1560 2007 cognosci
1582 1952 1638 1993 de
1690 1976 1706 1984 --

312 2039 370 2082 iis
405 2045 448 2077 et
469 2023 658 2086 judicari
685 2033 832 2081 potest
862 2036 913 2063 ex
942 2021 1168 2064 veteribus
1186 2021 1372 2078 legibus.
1430 2021 1640 2065 Iudicum

315 2108 437 2152 enim
468 2098 668 2145 officium
699 2105 788 2146 est,
817 2104 868 2134 ut
901 2109 1008 2150 quae
1038 2093 1210 2150 legibus
1240 2092 1485 2150 generatim
1515 2108 1638 2150 prae·

314 2177 479 2234 scripta
517 2172 628 2216 sint,
681 2167 735 2207 ad
785 2164 979 2221 singulas
1030 2179 1178 2206 causas
1227 2162 1471 2219 applicent3
1517 2164 1640 2221 quod
1697 2167 1706 2220 ss

318 2247 536 2309 quoniam
567 2242 614 2282 in
645 2237 716 2279 his
748 2248 825 2278 aut
855 2251 1046 2277 summas
1080 2234 1364 2276 difficultates
1386 2235 1531 2282 habet,
1564 2245 1641 2277 aut

317 2324 447 2380 plane
479 2313 572 2357 sieri
602 2308 783 2366 nequit,
822 2306 1119 2349 necessarium
1150 2317 1238 2356 est,
1275 2304 1312 2346 si
1345 2306 1524 2361 quando
1556 2303 1641 2347 ali-

319 2390 430 2449 quid
460 2381 686 2439 ejusmodi?
710 2378 932 2426 inciderit,
964 2389 1014 2420 ut
1043 2376 1188 2426 abiis,
1218 2391 1354 2434 penes
1385 2390 1492 2432 quos
1522 2390 1642 2418 sum·
1692 2391 1706 2426 '3-

321 2475 449 2506 mum
479 2468 544 2500 est
581 2454 629 2496 in
667 2447 893 2509 republica
923 2448 1181 2497 arbitrium,
1221 2445 1392 2504 aliquid
1422 2445 1643 2505 singulare
1701 2439 1706 2479 ’ἶ

370 2616 428 2659 29)
457 2611 591 2646 Pollux
629 2610 733 2644 VIII.
761 2621 818 2655 49.
848 2617 905 2652 50.

370 2684 429 2727 30)
457 2681 505 2715 cf.
533 2681 633 2725 Hug.
659 2679 770 2713 Grot.
807 2677 855 2712 de
900 2675 930 2711 I.
958 2676 1002 2712 B.
1034 2681 1073 2711 et
1094 2676 1134 2710 P.
1161 2674 1233 2709 111.
1266 2685 1298 2709 2.
1329 2684 1362 2718 3.
