1706 3058
251 165 330 209 ³70

242 269 429 309 etatum,
469 261 693 316 augendae
736 257 1057 299 democraticae
1105 256 1313 300 licentiae
1352 257 1567 300 inservie-

239 333 330 374 bat.
390 334 490 373 Non
533 329 673 386 igitur
712 327 900 377 mirum,
943 330 1152 372 Senatum
1195 328 1323 369 illum
1356 327 1568 384 quadrin-

241 415 500 461 gentorum,
543 398 622 456 qui
655 400 708 440 ad
738 397 842 440 belli
872 398 1243 455 Peloponnesiaci
1277 400 1411 440 finem
1440 401 1564 441 labo-

241 474 359 518 ranti
392 469 630 514 immodica
647 469 851 510 libertate
873 469 1143 525 reipublicae
1162 469 1451 511 necessariam
1475 485 1563 511 me-

241 544 439 588 dicinam
482 541 690 584 adhibere
727 543 992 588 conabatur,
1044 540 1161 582 nihil
1209 541 1438 597 antiquius
1483 544 1566 583 ha-

239 616 410 662 buisse,
456 627 589 670 quam
630 623 679 653 ut
719 614 794 652 has
824 612 1074 667 παρανόμων
1104 612 1266 668 γραφάς
1296 614 1471 653 tolleret
1486 615 1564 665 ἶ9);

238 689 359 744 quod
391 686 643 741 exemplum
675 681 837 723 imitati
869 694 997 730 sunt,
1041 681 1117 737 qui
1148 693 1250 737 post
1280 684 1429 737 paullo
1461 697 1564 724 suc-

238 768 495 806 cesserunt,
524 754 705 812 triginta
735 752 937 809 tyranni,
971 752 1228 810 ceteroquin
1257 752 1440 795 illorum
1469 752 1563 806 dis-5

235 826 460 873 simillimi
475 830 540 882 ὀ).

619 1041 991 1094 CAPUT
1066 1045 1186 1091 III.

235 1162 309 1206 De
339 1158 586 1204 criminum
619 1155 1102 1199 ωτι-(ιοι’(ἷίηανὶονιιιη
1132 1155 1393 1208 delatione,
1429 1158 1559 1213 εἰσαγ-

450 1241 584 1295 γελίᾳ,
626 1237 689 1277 ad
726 1236 949 1277 Senatum
990 1243 1071 1277 aab
1092 1237 1335 1293 populum.

313 1413 379 1453 Ex
409 1418 602 1465 quatuor
631 1421 781 1449 rerum
813 1405 1071 1463 generibus,
1117 1420 1226 1462 quae
1257 1421 1280 1447 a
1309 1407 1478 1461 populo
1508 1405 1556 1446 in

229 1479 430 1525 comitiis
463 1476 640 1519 tractari
672 1476 801 1518 solita
833 1491 925 1517 esse
954 1491 1085 1532 supra
1117 1475 1327 1527 diximus,
1357 1475 1557 1532 primurn

228 1567 351 1595 nunc
381 1551 603 1606 agendum
633 1547 813 1588 videtur
844 1547 897 1587 de
928 1546 1120 1598 judiciis.
1180 1551 1284 1589 Erat
1314 1558 1478 1602 autem,
1508 1547 1557 1588 id

228 1626 350 1683 quod
381 1619 668 1664 notissimum
701 1629 766 1659 est
795 1627 839 1659 et
870 1631 891 1658 a
923 1617 1054 1660 nobis
1093 1623 1180 1670 jam
1221 1630 1324 1660 ante
1354 1633 1557 1661 comme-

226 1705 473 1744 moratum,
511 1689 789 1742 judiciorum
830 1687 944 1730 ratio
980 1687 1039 1729 ita
1070 1703 1093 1729 a
1124 1690 1288 1731 Solone
1320 1689 1553 1747 descripta,

226 1778 278 1808 ut
309 1762 537 1807 ordinaria
582 1773 812 1802 causarum
851 1769 940 1799 tam
979 1757 1260 1814 publicarum
1302 1775 1432 1820 qnam
1462 1761 1557 1813 pri-

224 1847 427 1879 vatarum
461 1830 661 1888 cognitio
692 1840 769 1871 aut
790 1828 1042 1871 Heliasticis
1074 1827 1298 1881 jndicibus
1331 1841 1407 1872 aut
1423 1833 1555 1873 Areo-

225 1904 389 1965 pagitis
420 1901 693 1960 Ephetisque
722 1898 1082 1956 permitteretur3
1112 1902 1304 1956 populus
1324 1913 1473 1944 autem
1503 1902 1555 1944 in

225 1974 426 2021 comitiis
458 1989 550 2016 non
581 1971 670 2014 nisi
703 1982 822 2014 extra
852 1969 1059 2012 ordinem
1092 1973 1146 2012 de
1165 1971 1439 2028 gravissimis
1474 1973 1554 2016 cri·

225 2047 429 2092 minibus
459 2043 653 2102 puincis
683 2042 900 2096 judicaret
931 2053 1006 2083 aut
1037 2043 1264 2098 quomodo
1295 2041 1463 2095 judicia
1485 2058 1553 2085 ex—

228 2120 418 2164 ercenda
450 2126 617 2162 essent,
650 2116 836 2167 juberet.
897 2116 1033 2155 Erant
1064 2111 1184 2154 enim
1215 2113 1395 2169 publica
1425 2129 1553 2174 quae.

227 2194 328 2234 dam
359 2186 548 2231 crimina
580 2181 943 2234 extraordinaria,
982 2198 1094 2238 quae
1137 2185 1191 2224 ad
1223 2186 1437 2227 Senatum
1466 2199 1553 2243 po-

222 2264 443 2321 pulumve
475 2255 637 2300 deferri
668 2264 915 2311 oporteret,
948 2265 1024 2295 aut
1054 2256 1208 2296 saltem
1238 2254 1414 2302 liceret,
1458 2270 1549 2312 quo

224 2343 303 2376 aut
342 2334 394 2373 ab
435 2328 542 2386 ipsis
581 2328 643 2369 rei
682 2324 1014 2381 judicarentur,
1059 2335 1134 2366 aut
1175 2326 1230 2366 ad
1256 2325 1552 2370 Heliasticum

224 2400 450 2458 judicium
506 2397 805 2450 rejicerentur.
882 2398 1056 2437 Horum
1100 2395 1210 2437 ratio
1250 2410 1337 2453 quo
1387 2397 1551 2440 melius

224 2470 421 2531 perspici
462 2467 630 2526 possit,'
681 2464 879 2508 breviter
914 2463 1238 2522 disputandum
1278 2467 1456 2512 videtur
1495 2469 1549 2513 de

272 2613 331 2658 29)
357 2608 526 2654 Thucyd.
560 2608 665 2640 VIII.
692 2618 724 2642 c.
752 2607 806 2653 67.

272 2696 329 2740 30)
357 2691 529 2729 Aeschin.
555 2689 636 2725 adv.
672 2690 906 2735 ctesiphont.
941 2701 976 2736 p.
1002 2695 1076 2735 580¹
