1706 3058
281 171 335 230 94

362 281 506 334 Atque
555 280 662 319 haec
711 275 892 331 quidem
939 272 1145 318 sufficere
1182 288 1374 333 possunt
1403 279 1456 321 ad
1504 294 1601 323 eam

275 365 408 411 quam
438 345 673 406 proposui,
717 346 772 386 de
809 346 1016 389 Proedris
1047 346 1376 392 contribulibus
1416 363 1602 395 senten..

275 424 382 466 tiam
414 417 811 474 comprobandum
853 418 930 458 sed
971 431 1057 473 quo
1098 418 1235 474 magis
1276 432 1480 476 appareat
1518 424 1604 465 fal-

276 509 370 536 sam
403 506 493 533 csse
535 486 732 530 Corsinii
773 486 1058 543 opinionem,
1100 503 1256 545 operae
1296 490 1489 546 pretium
1527 507 1603 536 me

274 567 499 607 facturum
534 574 627 602 esse
657 573 800 637 spero.
832 572 870 598 ει
889 569 1276 614 argumentorum
1306 560 1468 618 quibus
1491 564 1604 607 haec

274 633 429 690 opinio
461 629 637 683 nititur,
663 625 813 686 capita
843 629 1100 672 summatim
1130 633 1441 688 proposuerim
1471 645 1516 676 et
1538 649 1602 677 re·

273 703 530 748 futaverim.
587 705 700 745 Sunt
741 712 890 742 autem
920 700 1025 750 ista,
1065 713 1236 757 praeter
1273 703 1603 746 Grammatico-

274 791 374 816 rum
409 771 688 820 testimonia,
722 786 834 827 quae
867 782 912 811 et
943 771 1195 814 obscuriora
1226 785 1346 823 sunt,
1377 785 1421 816 et
1451 787 1604 818 contra

272 844 396 901 ipsos
427 844 528 885 illos
568 855 739 885 veteres
780 840 891 882 nihil
932 843 1077 883 valere
1109 854 1317 898 possunt,
1355 846 1463 888 haec
1489 848 1600 891 fere.

271 916 472 960 Primum
505 914 622 969 apud
643 916 992 954 Demosthenem
1022 913 1070 954 in
1101 914 1465 974 Psephismate²³)
1493 917 1604 961 haec

271 988 505 1042 leguntur:
553 989 789 1042 Πρυτανείᾳ
821 991 958 1039 φυλῆς
993 983 1369 1040 Ἰπποθοωντίδος,
1406 981 1631 1047 ’Aquom-¹

273 1066 369 1114 φῶν
402 1058 631 1107 Κολυττεὺς
665 1057 876 1111 Πρόεδρος
896 1055 1019 1099 εἶπεν.
1082 1057 1376 1100 Manifestum
1398 1072 1476 1110 est,
1508 1061 1601 1104 Ari-

273 1131 563 1184 stophontem
595 1140 687 1168 non
718 1126 857 1168 fuisse
880 1141 903 1168 e
925 1126 1221 1180 Prytanibus‚
1256 1131 1331 1170 sed
1356 1131 1604 1175 Proedrum

271 1214 365 1242 non
385 1198 732 1248 -contribulem;
767 1200 1043 1251 Colyttenses
1077 1196 1195 1239 enim
1227 1213 1320 1240 non
1342 1203 1394 1242 ad
1427 1201 1604 1259 Hippo-

271 1271 586 1321 thoontidem,
636 1272 714 1311 sed
753 1270 808 1310 ad
859 1268 1096 1325 Aegeidem
1148 1271 1316 1311 tribum
1366 1274 1602 1329 pertinent⁴

270 1344 354 1384 Sed
386 1340 578 1396 primum
621 1341 669 1382 in
711 1343 798 1382 hoc
835 1339 1140 1396 psephismate
1183 1355 1274 1382 non
1306 1342 1416 1398 quid
1446 1345 1494 1386 in
1524 1360 1605 1388 co-

270 1410 440 1459 mitiis,
476 1414 552 1452 sed
581 1411 688 1467 qnid
718 1411 765 1451 in
798 1414 964 1453 Senatu
994 1422 1142 1452 actum
1173 1410 1255 1461 sit,
1288 1413 1497 1457 refertur:
1528 1419 1602 1459 Se·

269 1482 395 1524 natui
427 1482 576 1532 enim,
607 1482 655 1523 id
688 1483 807 1538 quod
837 1497 860 1523 e
891 1481 1094 1538 proximo
1127 1482 1369 1524 Mnesithei
1392 1487 1604 1542 Psephis-

271 1566 389 1596 mate
412 1564 553 1610 patet,
585 1552 782 1595 mandati
815 1563 938 1594 erant
963 1567 986 1593 a
1024 1554 1192 1608 populo
1222 1553 1357 1609 legati
1398 1556 1453 1595 ad
1491 1555 1605 1598 Phi..

270 1625 450 1681 lippum
475 1624 674 1672 creandi,
710 1639 852 1679 eoque
875 1625 1082 1664 mandato
1107 1624 1309 1665 functum
1343 1638 1436 1666 esse
1464 1628 1603 1669 Sena-

269 1708 394 1747 tum,
425 1699 512 1736 hoc
543 1694 798 1750 Psephisma
831 1705 1040 1742 testatum
1076 1693 1264 1748 deiude,
1301 1694 1407 1750 quid
1425 1694 1602 1752 signifi-

274 1778 378 1809 cent
405 1767 487 1807 ista
509 1767 666 1817 verba,
697 1779 809 1820 quae
832 1764 880 1804 in
903 1765 992 1804 fine
1014 1765 1243 1820 leguntur,
1272 1780 1388 1814 non,
1423 1777 1474 1807 ut
1493 1767 1600 1810 alias

273 1854 474 1894 semper,
503 1836 550 1877 in
573 1834 820 1890 principio:
849 1834 1113 1891 Ἀριστοφῶν
1137 1838 1365 1887 Κολυττεῦς
1388 1837 1603 1896 Πρὸεδρος

275 1910 408 1962 εἶπεν,
442 1908 590 1964 paullo
621 1916 686 1947 est
708 1905 961 1954 obscurius,
995 1921 1126 1962 quam
1149 1917 1196 1947 ut
1225 1921 1304 1962 pro
1336 1920 1599 1964 argumento

271 1981 361 2023 illis
394 1978 459 2022 uti
483 1980 626 2020 liceat.
688 1976 810 2033 Quid
838 1977 992 2018 enim?
1032 1977 1286 2019 retuleritne
1315 1980 1366 2019 ad
1387 1982 1600 2025 Senatum

274 2047 564 2107 Aristophon,
604 2060 655 2090 ut
688 2060 886 2090 crearent
912 2063 963 2089 ex
992 2047 1145 2104 populi
1178 2051 1387 2092 mandato
1419 2053 1600 2109 legatos,

275 2134 320 2165 et
350 2120 537 2178 rogarit,
571 2134 680 2177 quos
702 2118 838 2162 creari
862 2121 1082 2175 placeret?
1142 2121 1302 2162 Verum
1334 2121 1600 2166 relationem

274 2209 300 2236 a
315 2191 580 2246 Prytanibus
601 2202 644 2232 et
663 2189 861 2247 strategis
885 2191 1044 2231 factam
1066 2206 1170 2240 esse.
1199 2191 1294 2248 ipsa
1314 2190 1600 2248 Psephisma—

274 2263 334 2305 tis
354 2265 485 2304 verba
504 2264 685 2305 docent:
721 2261 949 2318 Πρυτάνεις
965 2264 1034 2304 καὶ
1065 2265 1290 2321 Στρατηγοὶ
1314 2263 1596 2319 ἐχρημάτισαν,

274 2335 324 2378 τὰ
347 2337 391 2378 ἐκ
414 2339 486 2389 τῆς
508 2337 721 2389 ἐκκλησίας
741 2330 1035 2390 ἀνενεγκόντες.
1097 2332 1310 2376 Fortassis
1333 2345 1481 2376 autem
1502 2349 1596 2377 mo·

275 2405 337 2448 ris
372 2405 479 2453 fuit,
515 2416 567 2446 ut
595 2403 835 2457 ejusmodi,
875 2406 1002 2460 quale
1034 2406 1121 2446 hoc
1153 2415 1238 2452 est,
1277 2403 1595 2460 Psephismata.

277 2492 391 2534 quae
414 2492 506 2518 non
530 2478 645 2532 leges
671 2486 795 2517 erant
813 2476 881 2516 vel
904 2477 1088 2517 Senatus
1108 2477 1336 2524 consulta,
1367 2477 1442 2519 sed
1471 2463 1598 2519 acto-

275 2564 376 2591 rum
405 2547 736 2595 commentarii.
769 2561 880 2604 quae
903 2549 1152 2591 Protocolla
1180 2545 1476 2608 hodie-vulgo
1508 2559 1595 2598 ve:

324 2690 382 2734 25)
408 2689 468 2725 De
495 2689 630 2723 Coron.
656 2700 692 2735 p.
719 2698 796 2732 250.
