1706 3058
257 161 336 190 110

248 250 499 295 oratoribus
527 259 830 306 opponuntur,
859 260 909 291 ut
936 248 1096 307 privati
1127 248 1197 300 iis,
1227 248 1306 306 qui
1334 249 1571 309 magistra..

249 326 385 367 tubus
408 334 449 364 et
471 319 737 363 muneribus
750 320 942 377 publicio
962 322 1225 378 funguntur,
1251 321 1328 362 sed
1350 332 1400 363 ut
1418 335 1570 366 rerum

242 393 520 451 publicarum
552 390 699 432 minuo
735 391 903 434 curiosi
933 403 1011 433 aut
1039 390 1257 448 imperiti,
1300 390 1374 447 qui
1407 406 1431 432 a
1468 391 1567 434 foro

245 467 400 522 procul
433 462 573 503 vitam
604 463 788 516 habent,
826 463 903 512 iis,
945 462 1025 520 qui
1055 463 1106 502 ad
1139 460 1462 518 rempublicam
1490 476 1570 504 ac-

247 537 436 583 cedunt;
486 531 566 589 qui
604 547 708 574 usus
760 533 1141 591 frequentissimus
1180 543 1246 576 eat
1286 534 1405 589 apud
1444 531 1571 590 opti-

244 619 341 647 mos
374 618 575 660 quosque
613 603 848 660 scriptores
863 608 928 659 ¹¹).

329 676 413 717 Sed
445 677 565 730 quod
596 677 715 731 apud
750 675 1013 717 Aeschinem
1043 687 1315 718 memoratur
1354 677 1573 731 δοκιμασία

240 753 323 792 τοῖν
354 744 551 801 ῥητόρων,
582 761 637 787 ne
670 745 717 786 id
747 744 929 801 quidem
958 748 1143 801 probare
1173 757 1344 802 potest,
1377 759 1572 789 oratores

239 817 421 877 publice
452 816 724 858 constitutos
756 830 862 858 esse.
924 818 1039 858 Nam
1070 820 1285 871 δοκιμασία
1301 832 1396 859 non
1423 820 1571 861 solum

244 902 312 934 est
343 887 576 944 inquisitio
609 886 657 927 in
689 900 786 935 eos,
819 885 895 943 qui
927 888 984 927 ad
1013 889 1202 929 honores
1225 887 1461 944 capiendos
1493 898 1572 930 aut

241 962 297 1003 ad
314 959 544 1017 publicum
567 958 749 1013 aliquod
771 956 1006 1014 negotium
1026 956 1428 1001 administrandum
1452 975 1475 1001 a
1497 974 1573 1015 po-

241 1033 352 1090 pulo
384 1027 520 1072 creati
550 1039 626 1069 aut
656 1038 772 1068 sorte
803 1026 932 1069 electi
975 1039 1106 1077 sunt,
1151 1029 1251 1085 qui,
1293 1041 1396 1072 ante
1437 1044 1570 1087 quam

242 1115 430 1144 munere
459 1113 542 1142 suo
576 1099 700 1156 fungi
731 1098 983 1155 incipiunt,
1025 1099 1218 1140 examini
1250 1100 1429 1142 cuidam
1462 1103 1570 1144 sub·-

240 1171 348 1227 jecti
379 1181 497 1218 sunt,
531 1181 576 1212 et
605 1185 629 1211 a
660 1169 820 1226 quovis
845 1180 895 1211 ut
925 1167 1102 1226 indigni
1133 1170 1326 1212 accusari
1355 1182 1568 1228 possunt3

241 1245 321 1286 ced
353 1242 390 1284 si
423 1241 662 1299 quispiam,
694 1241 771 1298 qui
804 1255 982 1297 quoquo
1005 1243 1140 1283 modo
1160 1243 1214 1282 ad
1243 1241 1569 1299 rempublicam

243 1313 437 1364 accedit,
486 1312 534 1354 in
573 1311 799 1366 judicium
839 1322 1026 1352 vocatur
1064 1322 1109 1352 et
1147 1311 1348 1369 arguitur
1387 1325 1571 1370 propter

240 1385 383 1427 vitam
413 1383 678 1440 flagitiosam
709 1396 753 1426 et
782 1383 1093 1433 inhonestam,
1136 1393 1211 1424 aut
1251 1381 1336 1424 alia
1365 1398 1570 1440 quacun.⁴

241 1472 330 1514 que
359 1457 413 1498 de
443 1470 571 1498 causa
602 1470 626 1496 a
665 1453 890 1510 republica
927 1454 1143 1496 arcendus
1176 1468 1268 1495 esse
1303 1469 1354 1496 ex
1382 1454 1570 1511 legibus,

242 1530 331 1571 hoc
360 1542 540 1585 quoque
578 1525 800 1579 judicium
840 1527 1057 1579 δοκιμασία
1085 1523 1238 1565 vocari
1268 1524 1457 1581 solet¹⁹).

345 1603 482 1642 Erant
533 1596 656 1640 enim
707 1597 825 1653 leges
886 1594 1128 1652 plurimae,
1188 1608 1298 1650 quae
1346 1594 1469 1638 illam
1517 1594 1570 1643 in

241 1669 444 1714 comitiis
494 1667 676 1710 dicendi
719 1666 863 1711 cuivis
905 1665 995 1708 civi
1038 1667 1186 1707 datam
1223 1663 1454 1708 licentiam
1494 1680 1567 1709 re·

291 1811 348 1852 18)
371 1810 427 1842 Ita
446 1821 478 1842 v.
499 1820 531 1843 c.
557 1821 614 1855 ap.
638 1807 811 1844 Aeschin.
834 1807 915 1843 adv.
939 1802 1129 1842 'riman-ch.
1149 1817 1187 1851 p.
1212 1806 1287 1851 264.
1306 1802 1373 1842 οὔκ
1396 1803 1447 1842 ὢν
1469 1803 1570 1843 ι’διαῖ·

240 1882 324 1916 της,
349 1867 443 1905 α’λλιὶ
466 1867 560 1913 πρδς
587 1866 634 1904 τοὶ
666 1868 771 1905 κοινοὶ
797 1864 972 1914 προσιών.
1019 1866 1114 1901 Ibid.
1142 1878 1178 1912 p.
1218 1872 1294 1910 134.
1326 1873 1568 1912 opponuntur

241 1927 282 1968 οἱ
303 1925 548 1966 {macedones
566 1935 605 1964 et
629 1928 669 1965 οἰ
675 1926 965 1973 πολιτευόμενοι.
1014 1927 1120 1962 Orat.
1143 1926 1224 1961 adv.
1239 1927 1406 1973 Ctesiph.
1426 1939 1463 1974 p.
1483 1929 1567 1973 516.

241 1993 440 2027 Senatores
459 1989 530 2034 ipsi
549 1996 733 2023 vocantur
752 1987 911 2025 ἰδιῶται.
938 1987 987 2022 cf.
1017 1987 1067 2022 ih.
1098 1996 1136 2032 p.
1156 1986 1235 2033 609.
1276 1988 1344 2032 Ap.
1365 1987 1564 2023 Demosth-

239 2052 322 2086 a‘dv.
349 2049 504 2084 Androt.
526 2061 562 2095 p.
591 2049 670 2084 6οι.
691 2048 731 2085 οἰ
750 2048 897 2086 ἰδιῶται
927 2053 1169 2094 opponuntur
1203 2047 1281 2082 τοῖς
1313 2048 1471 2092 &pausa
1502 2049 1567 2084 καὶ

242 2109 408 2149 δυνατοῖς
430 2110 557 2158 λέγειν,
600 2111 771 2156 Xenoph.
792 2111 955 2144 Memor.
977 2109 1048 2144 III·
1069 2115 1102 2154 7.
1122 2118 1156 2153 7.
1177 2102 1326 2142 ἰδιῶται
1341 2112 1381 2157 ct
1397 2104 1564 2154 ιίσιιητοί.

241 2171 436 2216 Ejusmodi
463 2171 592 2206 afferri
613 2170 756 2217 possint
781 2176 969 2206 sexcenta.

288 2256 344 2302 19)
371 2256 592 2299 Harpocrat.
615 2267 644 2290 s.
670 2267 703 2289 v.
740 2251 988 2300 δοκιμασθείς.
1015 2251 1156 2300 ἐλέγετο
1183 2247 1220 2287 δὲ
1254 2246 1563 2296 (δοκιμασθῆναι)

239 2321 301 2354 καὶ
327 2316 387 2353 ἐπὶ
413 2313 486 2352 τῶν
513 2316 830 2361 πολιτευομένων,
865 2311 935 2350 κᾶν
957 2310 1043 2359 μήδ’
1074 2308 1266 2358 ἡντιναοῦν
1291 2307 1404 2355 α’ρχῆν
1426 2304 1562 2355 ἦρχον·

239 2374 435 2421 ἐξητάζετο
459 2375 527 2422 γάρ
553 2371 675 2410 αὖτῶν
701 2370 722 2410 ὅ
749 2377 831 2421 βίος
854 2373 989 2417 ἐνίοτε,
1023 2370 1072 2409 οἷς
1099 2369 1274 2415 Αἰσχίνης
1312 2370 1352 2407 ἐν
1383 2370 1435 2417 τῷ
1466 2369 1566 2408 aad

245 2434 433 2482 Τιμάρχου
457 2439 554 2482 φησί.
580 2448 612 2471 ιι.
639 2450 671 2472 τ.
695 2435 728 2470 λ.
755 2435 946 2470 Aeschinis
970 2434 1076 2468 locus
1112 2437 1170 2467 est
1191 2430 1272 2465 adv.
1307 2429 1496 2466 Timar-ch.
1521 2428 1559 2476 p‘.

238 2502 296 2537 28.
324 2494 518 2543 ἐπήγγειλα
541 2493 636 2542 αὐτῷ’
658 2494 727 2541 τήν
762 2494 980 2541 δοκιμασίαν
1010 2495 1174 2538 ταυτηνί.
1224 2491 1372 2538 Ulpian.
1404 2492 1452 2526 ad
1481 2493 1562 2527 De-

240 2557 377 2592 mosth.
404 2569 458 2591 or.
483 2556 563 2590 adv.
590 2556 745 2591 Androt.
772 2568 809 2601 p.
835 2559 914 2600 388.
939 2566 996 2600 45.
1021 2555 1165 2589 Benen.
1190 2550 1386 2599 ἐπαγγελία
1409 2551 1451 2588 δέ
1481 2552 1560 2589 ἐστι

239 2614 326 2662 δίκη
359 2616 453 2661 πρὸς
485 2614 702 2662 δοκιμασίαν
733 2616 800 2656 τοῦ
831 2618 929 2662 βίον.
978 2615 1028 2652 cf.
1055 2613 1158 2653 Suid.
1184 2624 1213 2649 s.
1240 2625 1273 2649 v.
1300 2611 1498 2661 δοκιμασία
1518 2618 1560 2649 et

238 2678 292 2711 ibi
318 2678 462 2713 Kuster.
