1706 3058
1402 168 1420 180 a·

1367 182 1420 225 93

94 291 214 329 cant,
240 277 625 323 subscriberentur
636 275 934 318 Proedrorum
946 287 1038 315 non
1051 302 1072 311 -.
1086 271 1426 324 contribulium,

91 352 164 394 vel
190 364 347 394 eorum
368 348 592 406 Epistatae
617 345 821 394 nomine,
859 345 1035 402 fuitque
1060 348 1146 388 hoc
1165 346 1298 400 hujus
1315 343 1428 401 Epi—

91 433 232 466 statae
266 420 492 468 officium,
523 429 574 460 ut
600 420 707 460 tales
745 415 1091 459 commentarios
1119 416 1426 459 conficiendos

91 504 269 537 curaret
294 503 339 534 et
365 490 533 533 scribae
568 489 768 534 dictaret.
840 489 968 529 Hanc
998 493 1298 541 conjecturam
1330 502 1427 530 non

92 566 353 620 absurdam,
384 576 537 618 spero,
575 561 862 613 judicabunt,
895 558 972 616 qui
1003 558 1328 610 intellexerint,
1372 561 1427 601 de

90 635 336 683 relatione,
365 637 417 676 ab
436 633 757 690 Aristophonte
782 633 894 674 facta
909 663 919 680 ‚
955 629 1143 688 cogitari
1165 645 1256 672 non
1279 645 1426 688 posse.

89 708 202 763 Illud
231 717 399 749 certum
423 714 511 752 est,
540 706 628 745 hoc
650 703 958 759 Psephismate
984 703 1097 744 nihil
1121 713 1274 744 contra
1303 703 1425 743 Thu-

89 777 330 833 tydidem,
372 779 626 825 Platonem,
660 777 1002 832 Xenophontem
1034 772 1234 831 aliosque
1264 775 1426 830 plures,

89 848 273 905 probari
304 862 431 906 posse
443 847 510 905 ²⁴).

177 918 356 961 Deinde
387 920 434 961 in
459 913 765 975 Psephismate
793 918 909 974 apud
951 920 1213 968 Gruterum,
1247 932 1292 972 p.
1320 916 1428 958 405:

95 992 302 1046 Δέὃοχθαι
320 996 372 1048 τῇ
392 995 526 1050 βουλῇ
546 990 644 1039 τούς
660 989 853 1044 λαχόντας
869 991 1110 1044 Προέδρους
1128 991 1184 1038 εἰς
1196 986 1269 1041 τήν
1291 990 1429 1031 ἐπιοῦ-

88 1076 170 1105 ’σαν
189 1064 404 1116 ἐκκλησίαν
425 1064 664 1118 χρηματίσαι
681 1061 775 1115 περὶ
796 1058 966 1113 τούτων,
995 1059 1161 1116 γνώμην
1184 1062 1226 1103 δὲ
1254 1059 1432 1116 συμβάλ-

90 1139 240 1177 λεσθαι
255 1137 328 1187 τῆς
353 1137 508 1189 βουλῆς
533 1135 590 1182 εἰς
611 1131 682 1175 τόν
707 1135 840 1185 δῆμον
868 1130 904 1174 a.
934 1150 966 1175 τ.
999 1137 1031 1175 λ.
1061 1131 1298 1187 perspicua
1327 1147 1430 1173 ver-

92 1205 254 1247 borum
283 1203 393 1246 serie
421 1200 569 1245 evinci
597 1211 725 1260 putat
762 1201 1018 1250 Cominius,
1065 1203 1283 1245 Proedros
1313 1203 1428 1252 illos,

94 1273 260 1332 quibus
289 1277 524 1317 mandatur
548 1289 616 1316 res
650 1275 704 1316 ad
724 1275 945 1330 populum
964 1274 1143 1315 ferenda
1158 1305 1169 1323 ,
1214 1276 1427 1315 creandos

93 1346 232 1388 fuisse
254 1347 305 1388 ad
329 1345 562 1403 proximae
583 1345 791 1388 ecclesiae
811 1356 1005 1402 tempus.
1065 1347 1199 1402 Quod
1221 1361 1301 1403 ego
1323 1360 1428 1388 con-

93 1427 160 1459 tra
182 1416 398 1462 existimo.
458 1420 574 1460 Nam
598 1418 756 1459 eodem
777 1418 911 1459 modo
945 1415 1148 1474 loquitur
1185 1416 1321 1460 etiam
1351 1420 1430 1461 Ae-

143 1545 202 1588 24)
227 1544 312 1577 Alia
334 1543 431 1576 ratio
456 1543 617 1576 Luzacio
640 1542 804 1587 placuit,
830 1542 856 1575 l.
883 1542 908 1576 1.
937 1543 971 1587 §.
1006 1551 1040 1586 5.
1076 1543 1187 1577 Putat
1222 1543 1348 1586 enim,
1384 1553 1431 1577 ex

96 1603 212 1638 Demi
237 1603 414 1645 nomine,
442 1603 596 1648 proprio
622 1604 782 1647 alicujus
808 1603 899 1637 civis
919 1604 1066 1637 nomini
1091 1603 1241 1647 addito,
1266 1616 1345 1638 non
1363 1615 1431 1639 ne-

96 1665 260 1699 cessario
286 1664 487 1709 consequi,
514 1664 636 1697 civem
658 1663 771 1697 illum
795 1675 840 1697 ex
862 1665 929 1698 illa
955 1665 1059 1699 tribu
1079 1665 1217 1708 fuisse,
1248 1663 1296 1699 ad
1316 1676 1431 1710 quam

97 1726 241 1760 Demus
265 1724 338 1758 iste
364 1724 578 1769 pertineat:
615 1723 785 1769 potuisse
809 1724 914 1759 enim
941 1725 1051 1768 sieri,
1090 1731 1152 1768 ut,
1178 1724 1243 1772 qui
1273 1737 1295 1760 a
1320 1732 1432 1771 patre

95 1785 138 1819 in
157 1783 393 1818 Phratoricas
410 1783 556 1818 tabulas
572 1783 776 1830 inscriptus
796 1791 916 1828 esset,
952 1785 1064 1829 hujus
1090 1787 1153 1820 vel
1183 1785 1285 1821 illius
1314 1786 1434 1820 Demi

95 1845 252 1881 nomine
279 1844 446 1888 adjecto,
479 1845 540 1879 cui
557 1845 637 1879 scil.
658 1851 769 1890 pater
786 1846 869 1892 ipse
886 1853 1174 1890 accenseretur,
1202 1852 1338 1892 postea
1366 1857 1433 1880 au-

97 1914 190 1951 tem,
220 1912 365 1941 mutato
395 1906 557 1940 forsitan
587 1907 804 1951 domicilio,
829 1909 870 1942 in
898 1908 1017 1942 alium
1040 1910 1208 1942 Demum
1228 1906 1322 1942 alius
1344 1908 1432 1942 Tri-

94 1970 165 2005 bus
189 1968 417 2010 transiisset,
445 1967 566 2001 nihilo
595 1974 724 2002 tamen
749 1968 872 2003 minus
901 1969 1012 2014 vulgo
1041 1980 1086 2003 ex
1111 1970 1180 2003 illo
1210 1969 1337 2002 Demo
1366 1980 1432 2014 ap-

97 2031 324 2077 pellaretur,
351 2028 412 2062 cui
431 2033 542 2061 antea
559 2027 770 2075 adscriptus
787 2030 935 2073 fuisset,
961 2030 1067 2066 verbi
1088 2042 1212 2073 causa,
1239 2035 1281 2062 ut
1301 2030 1433 2075 Colyt-

98 2091 239 2134 tensis,
267 2090 388 2124 trihus
403 2088 602 2133 Aegeidis,
630 2089 740 2135 vulgo
759 2090 1038 2136 appellaretur,
1069 2090 1134 2136 qui
1162 2101 1206 2124 re
1236 2102 1326 2124 vera
1349 2103 1430 2126 non.

97 2152 175 2197 iam
194 2150 240 2185 ad
266 2149 377 2184 illum
392 2150 560 2184 Demum
577 2149 759 2196 illamque
778 2151 940 2193 tribum,
973 2151 1038 2185 sed
1069 2151 1115 2184 ad
1142 2151 1309 2198 aliquem
1337 2152 1430 2198 Hip-

97 2209 356 2258 pothoontidis
381 2211 550 2245 Demum
572 2211 806 2257 pertineret.
868 2212 991 2258 Quam
1023 2212 1213 2246 rationem
1249 2213 1428 2259 equidem

96 2270 261 2316 probare
281 2279 359 2303 non
373 2283 536 2316 possum.
585 2273 755 2307 Primum
774 2272 876 2307 enim
902 2285 1036 2308 verum
1063 2280 1177 2318 puto,
1203 2276 1304 2319 quod
1329 2277 1428 2321 Tay-

91 2323 202 2365 *lorus
219 2330 320 2373 vult,
348 2332 521 2366 Lection.
556 2332 714 2378 «Lysiae.
734 2345 770 2379 p.
791 2344 870 2379 252.
887 2345 965 2368 non
984 2335 1064 2377 ejus
1084 2345 1275 2381 quemque
1303 2336 1426 2371 trihus

97 2397 140 2425 et
157 2390 273 2425 Demi
301 2394 469 2436 censeri,
497 2393 537 2426 in
562 2404 635 2438 qua
654 2394 820 2438 habitet,
851 2394 917 2429 sed
941 2395 1042 2437 ejus,
1071 2396 1175 2438 cujus
1203 2397 1249 2430 ab
1279 2398 1427 2443 origine

97 2462 193 2498 gens
212 2458 251 2486 et
267 2451 413 2487 familia
430 2453 618 2488 accensita
645 2454 715 2498 sit;
751 2455 860 2498 dein,
881 2461 924 2488 ut
940 2465 1070 2488 verum
1091 2455 1160 2498 sit,
1187 2457 1288 2501 quod
1308 2459 1425 2492 Luza-

100 2512 182 2548 cius
200 2518 328 2557 putat,
362 2520 504 2549 mutato
533 2513 724 2550 domicilio
745 2517 912 2551 Demum
942 2526 1094 2562 quoque
1112 2517 1270 2560 mutari,
1299 2518 1338 2552 in
1356 2530 1425 2564 pu-

98 2572 209 2609 blicis
230 2578 361 2608 tamen
379 2581 484 2609 certe
507 2575 668 2619 tabulis,
697 2576 826 2623 quales
854 2581 940 2610 sunt
967 2576 1242 2621 Psephismata,
1273 2590 1349 2612 non
1380 2591 1426 2613 ex

97 2634 204 2680 vulgi
223 2635 514 2680 consuetudine,
540 2634 606 2672 sed
626 2633 799 2682 legitime
826 2642 865 2673 et
889 2647 979 2672 vere
1001 2637 1214 2683 appellandi
1243 2647 1328 2673 suut
1355 2640 1422 2675 ho-

97 2705 232 2731 mines.
