1706 3058
241 136 320 186 163

324 241 532 299 Denique
562 256 615 286 ex
643 246 730 286 hoc
758 257 918 301 genere
948 242 1059 288 illud
1090 257 1270 303 quoque
1299 252 1390 295 est,
1422 240 1566 304 siqua

243 313 411 369 rogatio
444 313 713 370 reipublicae
730 314 981 357 commodis
1002 326 1133 372 atque
1165 315 1434 359 utilitatibus
1464 329 1566 363 con·

235 384 373 427 ¹traria
406 395 518 432 erat,
559 399 650 440 quo
691 384 877 427 nomine
913 385 1170 428 Androtion
1209 397 1252 426 et
1283 386 1569 430 Aristocraten

243 446 506 498 accusantur
544 471 569 498 a
608 458 930 507 Demosthene,
979 468 1024 499 et
1073 457 1349 499 Timocrates
1389 473 1570 514 quoque

243 538 287 569 et
318 526 552 581 Leptines,
594 541 863 584 quamquam
903 530 1066 576 hotum
1097 530 1289 571 duorum
1320 529 1571 571 accusatio..

243 611 323 638 nes
354 610 448 638 non
478 598 608 653 plane
638 608 745 640 sunt
773 603 867 652 ejus
897 599 1094 656 generis,
1126 601 1179 642 tle
1211 615 1299 656 quo
1331 614 1453 643 nunc
1483 598 1572 656 agi-

244 674 415 720 uius'³).

328 741 395 781 Ad
435 743 627 791 alterum
664 752 815 785 autem
852 745 1026 790 locum,
1068 740 1147 797 qui
1188 753 1254 782 est
1292 744 1347 784 de
1387 741 1572 799 rogandi

242 809 505 867 serendique
546 811 740 862 ratione,
797 816 884 855 hoc
923 828 1063 854 unum
1114 812 1327 868 pertinet,
1378 812 1414 853 si
1455 812 1571 869 quis,

244 880 465 934 ejusmodi
506 883 792 939 Psephisma,
837 885 958 941 quod
998 899 1022 927 a
1052 885 1220 926 Senatu
1260 895 1362 925 ante
1403 884 1575 926 exami-

243 952 341 996 nari
372 964 415 994 et
445 955 723 1006 comprobari
755 965 1001 1012 oporteret,
1035 953 1130 996 sine
1161 956 1346 996 Senatus
1377 940 1574 1008 auetori-

243 1032 332 1064 tate
362 1025 417 1065 ad
446 1027 669 1080 populum
703 1014 888 1079 tulerat3
929 1038 1020 1068 non
1053 1023 1176 1080 enim
1208 1025 1256 1066 in
1289 1016 1498 1068 omnibus
1529 1024 1576 1074 id

243 1109 355 1153 opus
386 1095 548 1146 fuisse,
579 1100 667 1148 jam
697 1112 827 1154 supra
856 1111 879 1138 a
899 1095 1030 1138 nobis
1054 1097 1407 1149 demonstratum
1433 1094 1576 1153 est²⁴)‚

242 1166 387 1222 Atque
417 1169 505 1208 hoc
543 1166 592 1209 in
630 1169 728 1210 loco
771 1183 932 1226 magna
971 1155 1076 1222 pars*
1111 1167 1326 1225 orationis
1365 1168 1575 1208 adversus

242 1237 567 1282 Androtionem
606 1251 829 1288 versatur,
870 1254 1011 1295 eoque
1050 1238 1233 1279 nomine
1262 1240 1575 1294 Phanostratuq

244 1310 472 1352 accusavit
500 1310 871 1366 Aristogitonem,
912 1308 991 1365 qui
1032 1309 1128 1349 sine
1160 1311 1344 1351 Senatus
1377 1309 1577 1351 auctori-

243 1390 335 1427 tate
376 1391 622 1423 extremum
662 1380 940 1436 supplicium
988 1379 1188 1420 Hierocli
1229 1379 1575 1436 irrogaverat²⁵),

245 1463 291 1511 et
319 1451 538 1493 Archinus
568 1452 929 1504 Thrasybulum,
964 1448 1056 1506 qui,
1091 1464 1195 1490 cum
1227 1448 1461 1491 civitatem
1493 1439 1574 1504 LY-

243 1521 337 1564 siae
385 1520 550 1574 oratori
597 1532 791 1578 peteret,
843 1524 1057 1581 Senatum
1097 1521 1328 1567 consulere
1367 1522 1577 1578 neglexe-

244 1595 394 1649 κτενί),
604 1584 606 1588 ’
1530 1580 1533 1583 ’

273 1659 276 1662 ’
329 1670 393 1708 Ex
422 1665 491 1708 his
522 1670 610 1719 jam
639 1664 747 1708 satis
778 1664 965 1722 intelligi
996 1674 1167 1720 potest,
1212 1678 1344 1720 quam
1377 1665 1464 1721 late
1495 1679 1576 1723 paq-

244 1736 382 1779 tuerit
412 1736 525 1779 illud
555 1736 891 1778 accusationum
922 1751 1082 1792 genus.
1114 1746 1421 1792 quantumque
1451 1734 1499 1781 in
1522 1750 1575 1787 eo

246 1808 384 1851 fuerit
421 1806 642 1849 momenti
683 1808 739 1848 ad
782 1805 1037 1847 universam
1077 1805 1348 1861 reipublicae
1380 1791 1574 1848 adrnini..

243 1878 519 1923 strationem.
581 1880 698 1920 Nam
729 1891 831 1919 cum
863 1876 980 1931 nihil
1015 1879 1069 1918 ad
1090 1879 1313 1934 populum
1345 1877 1449 1918 ferri
1492 1877 1574 1919 sci-

242 1951 398 2006 scique
428 1950 477 1992 in
516 1948 714 1992 comitiis
753 1958 921 2004 posset,
963 1950 1085 2005 quod
1126 1962 1220 1989 non
1251 1947 1461 2004 impediri
1492 1951 1577 2005 hae

245 2021 414 2063 ratione
449 2031 526 2066 aut
556 2019 726 2061 differri
769 2019 941 2068 liceret,
986 2030 1189 2076 paratum
1233 2028 1325 2059 erat
1365 2029 1408 2059 et
1441 2017 1573 2060 bonis

245 2091 420 2134 civibus
460 2101 614 2134 contra
652 2092 1002 2147 demagogorum
1042 2091 1212 2132 furores
1249 2100 1294 2130 et
1331 2088 1474 2145 plebis
1506 2100 1574 2130 te-

245 2164 499 2205 meritatem
528 2161 801 2212 remedium,
838 2172 882 2204 et
909 2160 1034 2214 malis
1064 2160 1341 2217 perditisque
1369 2159 1578 2202 homini-

293 2290 351 2334 23)
377 2289 445 2322 vix
469 2290 570 2324 enim
595 2301 687 2335 opus
713 2294 790 2330 est,
824 2288 1008 2323 lectorem
1030 2290 1199 2330 moneri,
1226 2298 1293 2320 nos
1320 2286 1391 2320 hoe
1415 2286 1501 2320 loco
1527 2284 1575 2320 de

245 2349 291 2385 iis
308 2357 452 2384 tantum
471 2350 680 2385 actionibus
699 2348 803 2394 loqui
828 2350 1003 2392 voluisse,
1031 2338 1126 2396 quiite
1147 2353 1282 2382 contra
1305 2346 1574 2393 Psephismata‚

248 2423 322 2446 non
348 2418 480 2446 contra
505 2408 639 2456 νόμους
671 2409 975 2454 instituebantur.

294 2482 353 2524 24)
381 2481 462 2514 Lib.
490 2482 520 2514 1.
559 2491 636 2524 cap.
666 2492 700 2525 9.
1508 2513 1512 2516 ,

294 2550 353 2592 25)
389 2549 431 2583 V.
467 2550 598 2590 Liban.
634 2548 673 2588 in
708 2558 852 2593 argum.
888 2554 983 2583 orat.
1019 2549 1049 2583 1.
1087 2545 1169 2581 adv.
1204 2545 1397 2591 Aristogit.
1431 2556 1467 2591 p.
1495 2545 1577 2592 767,

248 2610 328 2655 768.

296 2678 354 2721 26)
382 2677 479 2712 Plut.
507 2678 599 2712 Vitt.
626 2679 670 2713 X.
700 2679 822 2713 Oratt.
849 2677 890 2710 in
914 2676 1036 2723 Lysia.
1062 2676 1171 2710 Tom.
1197 2676 1248 2709 11.
1275 2686 1310 2720 p.
1337 2679 1418 2719 835.
1443 2674 1482 2707 P.
