1706 3058
232 210 285 237 Mu

237 300 459 360 republica
482 299 736 345 conatibus,
768 299 1162 358 reprimendaeque
1197 301 1450 345 temerariae
1480 317 1556 346 rea·

234 390 334 417 rum
362 375 665 415 novandarum
705 371 930 428 cupidini,
969 375 1288 430 custodemque
1326 375 1469 432 legum
1510 385 1554 417 et

233 446 395 488 veteris
420 441 681 499 disciplinae
703 446 888 492 majores
921 459 1012 485 esse
1045 447 1301 493 voluerant,
1336 461 1358 486 a
1385 445 1553 488 Pericle

234 530 309 561 aut
331 514 514 560 Periclis
535 512 722 555 consilio
757 516 808 554 ab
829 514 1031 569 Ephialte
1058 515 1249 557 maxima
1277 514 1554 558 auctoritatis

233 604 338 633 suae
367 597 488 643 parte
517 584 717 641 privatus
749 596 792 627 et
834 584 881 626 in
926 585 1132 628 ordinem
1174 599 1350 629 coactus
1390 589 1555 638 erat*).

231 665 383 715 Itaque
405 657 526 698 nulla
550 655 688 712 magis
713 672 780 703 re,
815 671 947 713 quam
968 656 1171 699 libertate
1193 657 1459 706 immodica,
1488 657 1557 700 si-

229 733 324 774 mul
347 744 451 771 cum
474 725 655 782 amiqua
687 727 948 783 disciplina,
982 729 1135 785 gloria,
1169 729 1426 786 imperium,
1458 729 1555 786 ipsa

231 801 427 857 denique
459 798 636 839 libertas
668 797 851 839 amissa:
892 815 1036 855 neque
1079 802 1305 849 valebant,
1349 815 1459 856 quae
1497 801 1555 841 ad

229 873 475 916 sanandum
497 870 665 910 malum
686 869 876 912 subinde
900 872 1207 913 tentabantur:
1240 872 1348 912 adeo
1370 870 1554 912 medici·

227 960 310 987 nae
331 940 572 998 impatiens
604 951 694 981 erat
721 941 970 996 respublica
991 973 1001 989 ‚
1034 957 1179 998 neque
1202 954 1346 989 erant,
1381 941 1458 998 qui
1483 955 1556 982 sa-

228 1015 418 1058 lubriter
447 1011 658 1054 adhibere
689 1011 869 1053 scirent.
915 1016 1028 1055 Nam
1050 1028 1166 1061 cum,
1198 1014 1314 1054 bello
1333 1015 1553 1068 Pelopon-

228 1087 430 1133 nesiaco,
463 1083 685 1140 expeditio
709 1086 993 1136 Syracusana,
1027 1083 1268 1125 insatiabili
1290 1082 1554 1124 dominandi

229 1159 442 1216 cupidine
464 1165 680 1211 suscepta,
715 1170 920 1210 asperum
948 1156 1221 1210 foedumque
1246 1166 1455 1197 eventum
1479 1157 1553 1196 ha·

219 1232 421 1285 punisset,
456 1229 615 1269 fractae
639 1237 681 1267 et
701 1226 876 1267 attritae
893 1224 997 1267 belli
1029 1225 1326 1267 diuturnitate
1355 1238 1398 1268 et
1429 1227 1556 1267 defe-

227 1303 454 1347 ctionibus
483 1298 707 1340 sociorum
738 1312 843 1354 opes
869 1307 1013 1339 essent
1036 1295 1245 1345 civitatis,
1275 1308 1326 1338 ut
1355 1297 1431 1339 vix
1455 1296 1553 1340 sisti

228 1374 399 1418 diutius
420 1381 585 1428 posset,
609 1385 735 1425 spem
756 1382 798 1410 et
822 1368 1062 1410 consilium
1085 1383 1232 1409 rerum
1244 1371 1553 1411 novandarum

227 1447 411 1504 quidam
431 1453 656 1499 ceperunt.
719 1440 968 1496 Optimates
994 1438 1140 1488 enim,
1173 1439 1402 1482 continuis
1426 1440 1552 1482 litur-

225 1520 400 1576 giarum
419 1514 640 1556 sumtibus
663 1510 892 1559 exhausti,
923 1521 1148 1565 praeterea
1176 1511 1551 1554 calumniatorum

219 1588 405 1642 injuriis
427 1584 570 1626 vexati
584 1585 678 1638 **)‚
712 1597 817 1624 cum
845 1584 966 1639 plebs
995 1580 1177 1622 interim
1207 1581 1390 1623 innoxia
1424 1596 1553 1624 com-

225 1661 375 1705 modis
407 1657 499 1699 suis
529 1655 676 1696 nihilo
717 1653 862 1695 secius
893 1654 1134 1701 frueretur,
1179 1653 1417 1709 indignum
1451 1652 1550 1708 rati,

226 1732 316 1776 sibi
360 1727 463 1772 solis
498 1724 649 1768 omnia
682 1722 789 1765 belli
816 1725 928 1763 mala
958 1725 1212 1778 perferenda
1245 1708 1360 1771 esse}
1394 1723 1547 1766 conati

226 1813 331 1847 sunt
349 1812 592 1858 paucorum
615 1794 852 1851 imperium
874 1794 1226 1847 restituere***).
1287 1795 1427 1836 Simul
1453 1796 1548 1837 fore

226 1875 483 1932 sperabant,
513 1880 563 1910 ut
583 1870 738 1910 Persae
759 1869 1043 1922 Laconesque
1064 1866 1277 1907 libentius
1308 1881 1411 1908 cum
1439 1881 1547 1923 pau-

225 1947 291 1988 cis
314 1957 467 2001 pacem
491 1942 710 1991 facerent,
743 1952 875 1993 quam
900 1953 999 1979 cum
1020 1937 1180 1979 mobili
1212 1949 1254 1979 et
1274 1937 1409 1979 infida
1432 1939 1545 1980 mul-

224 2015 449 2060 titudine,
481 2022 707 2068 pactorum
731 2024 857 2065 saepe
885 2007 1137 2049 immemori
1173 2020 1216 2050 et
1247 2010 1299 2049 ad
1325 2010 1543 2050 rebellan-

220 2091 332 2130 dum
351 2084 672 2142 promta****).
731 2080 872 2138 Igitur
894 2080 1132 2128 meander,
1166 2079 1396 2135 Antiphon
1424 2091 1542 2122 cete·

267 2187 302 2229 ¹⁶)
329 2183 516 2218 Plutarch.
542 2178 678 2214 Pericl.
697 2190 728 2212 c.
749 2190 782 2225 7.
805 2179 853 2212 cf.
878 2178 1049 2212 Mem-sii.
1080 2178 1262 2222 Areopag.
1289 2189 1320 2211 c.
1346 2191 1380 2224 9.

267 2247 322 2289 ³⁶¹¹)
339 2244 486 2289 Lysias:
508 2239 632 2286 Δήμου
650 2237 875 2276 καταλύσεως
906 2237 1097 2285 aiunl-offa.
1119 2249 1154 2282 p.
1181 2249 1256 2284 ¹74·
1283 2238 1341 2272 ed.
1364 2238 1536 2285 Stephon.

264 2308 340 2350 *”)
359 2304 527 2348 Thucyd.
542 2303 643 2336 VIII.
666 2312 697 2335 c.
720 2301 774 2345 63.

266 2369 360 2411 *⁸**)
381 2364 549 2409 Thucyd.
569 2363 672 2396 VIII.
686 2373 742 2408 4?-
762 2372 815 2405 53.
837 2372 893 2406 70.
911 2360 959 2394 cs.
982 2361 1150 2406 Xenoph.
1169 2361 1218 2394 de
1234 2361 1327 2405 Rep.
1349 2360 1481 2394 Athen.
1503 2373 1534 2395 c.

307 2441 343 2464 α.
364 2428 397 2472 ἓ.
423 2438 474 2473 ιγ.
491 2443 538 2451 ——
556 2425 736 2458 Ceterum
755 2433 906 2455 omnem
925 2422 1056 2455 harum
1072 2433 1200 2456 rerum
1215 2420 1409 2456 historiam
1427 2433 1539 2457 accu-

310 2495 396 2524 rate
415 2495 452 2521 et
471 2485 686 2531 singulatim
709 2483 906 2528 persequi,
932 2495 1008 2516 nou
1027 2482 1134 2526 hujus
1151 2488 1207 2515 est
1231 2481 1316 2516 loci.
1346 2483 1441 2517 Satis
1463 2490 1536 2526 est,

309 2550 495 2584 lectorem
511 2545 710 2581 amandare
735 2543 782 2578 ad
810 2543 1091 2589 Thucydidem,
1116 2549 1179 2577 aut
1210 2553 1230 2575 e
1258 2544 1533 2579 recentioribus

309 2611 359 2646 nd
380 2610 530 2654 Taylor.
561 2607 636 2640 Vit.
668 2607 751 2651 Lys.
775 2617 810 2650 p.
842 2615 915 2649 ¹¹5·
943 2616 1021 2650 seq.
1066 2606 1165 2639 Petr.
1194 2614 1263 2636 van
1289 2604 1410 2648 Spaan
1437 2603 1534 2648 (sive

310 2668 540 2711 Ruhnkenii)
560 2667 658 2701 Diss.
678 2667 725 2702 de
757 2664 1004 2711 Antiphonte,
1029 2677 1064 2711 p.
1093 2670 1188 2711 8ι5.α
1212 2662 1377 2700 Sluiteri.
1407 2664 1530 2700 Lectt.

305 2729 509 2767 Andocidd.
541 2728 622 2762 init.
