1706 3058
1394 151 1449 195 55

113 253 197 296 Sec]
221 254 275 294 ad
300 252 638 297 meridionalem
658 253 790 295 illum
807 268 988 296 murum
1007 264 1238 311 suggestus
1262 268 1368 308 erat,
1399 258 1443 301 τὸ

108 329 234 381 βῆμα,
259 327 410 366 decem
436 326 524 367 fere
547 335 623 367 aut
641 325 853 366 undecim
871 326 1038 381 pedum
1056 325 1307 377 altitudine,
1339 340 1440 371 octo

107 397 324 452 graduum
348 399 579 446 adscensu,
612 395 845 452 superficie
866 398 1091 452 quadrata,
1124 399 1277 442 decem
1303 399 1442 442 ferme

106 468 275 522 pedum
295 465 584 522 longitudine
609 478 653 508 et
675 466 930 515 latitudine,
966 483 1017 509 ex
1041 467 1139 524 ipso
1165 484 1282 519 saxo,
1318 473 1440 526 quod

106 537 155 578 in
188 537 306 578 issam
329 534 491 589 Pnycis
516 548 688 592 partem
719 537 1010 587 imminebat,
1044 539 1240 588 excisus,
1275 557 1438 598 quam-

106 608 258 650 obrem
277 606 543 662 saepissime
564 608 683 659 λίθος
702 608 854 650 vocari
872 611 1008 664 solet,
1041 622 1092 652 ut
1112 612 1231 667 apud
1265 602 1438 654 Aristo-

102 682 318 736 phaner-n,
351 678 462 719 Pace
493 693 534 719 v.
560 678 741 733 (ii-30¹⁴).

327 763 435 814 ὅστις
458 772 599 819 κρατεῖ
616 772 694 809 νῦν
716 773 791 810 τοῦ
807 771 929 812 λίθου
949 765 1049 812 τοῦν
1070 776 1121 827 τῇ
1142 773 1291 812 Πνυκί.

101 829 169 881 Ex
186 838 272 877 hoc
307 846 480 884 autem,
515 836 654 891 qualis
683 838 908 894 hodieque
940 839 1244 895 conspicitur,
1277 855 1438 897 sugge-

100 919 194 956 stu,
229 905 275 946 in
304 922 424 947 mare
456 909 727 962 prospectari
747 925 837 951 non
858 922 1034 965 potest3
1067 911 1188 951 unde
1219 910 1435 962 conjiciat

99 978 260 1035 aliquis
281 994 383 1020 cnm
404 978 803 1027 Chateaubrianto,
838 983 961 1022 hunc
992 996 1084 1023 esse
1113 981 1267 1029 illum,
1301 996 1436 1037 quem

80 1048 285 1106 -trigiiita
308 1049 483 1103 tyranni
503 1049 551 1090 in
576 1054 684 1102 ejus,
709 1050 786 1105 qui
808 1050 933 1106 prius
951 1053 1105 1103 fuerat,
1125 1053 1290 1100 locum,
1314 1055 1435 1094 unde

95 1120 231 1164 maris
254 1132 516 1176 prospectus
535 1119 671 1161 fuisse
695 1120 874 1170 dicitur,
908 1123 1007 1164 data
1028 1139 1158 1180 opera
1181 1122 1239 1163 ita
1266 1135 1431 1164 exstru-

95 1203 282 1240 xerunt,
325 1203 376 1232 ut
403 1191 533 1232 illum
561 1203 847 1247 prospectum
885 1193 1180 1250 impedirent:
1227 1194 1431 1248 οἰόμενοι,

95 1263 249 1320 inquit
281 1265 572 1311 Plutarchus,
615 1263 693 1319 qui
728 1266 842 1306 hanc
872 1264 1107 1308 historiam
1137 1277 1311 1318 narrat,
1355 1267 1430 1321 τήν

95 1339 168 1392 μὲν
191 1335 293 1379 κατὰ
315 1333 520 1378 θάλατταν
549 1335 677 1392 τὲρχ-ὴν
709 1338 868 1393 γένεσιν
895 1338 1000 1381 εἶναι
1020 1342 1314 1392 δημοκρατίας,
1351 1337 1430 1382 ὄλι-

95 1411 239 1467 γαρχίςε
267 1405 303 1451 δ’
329 1399 450 1460 ἧττον
474 1410 752 1463 δυσχεραίνειν
781 1408 878 1458 τούς
903 1415 1186 1466 γεωργοῦντας
1202 1411 1286 1463 ¹⁵).

180 1492 439 1548 Utrimque,
489 1495 543 1532 ad
580 1505 818 1534 extremam
855 1493 1017 1545 Pnycis
1062 1504 1262 1550 partem,
1302 1508 1430 1536 saxea

95 1577 221 1609 erant
263 1563 584 1617 subsellia1⁶)‚
625 1564 673 1605 in
711 1564 858 1605 media
894 1565 1078 1606 fortasse
1115 1563 1276 1619 lignea.
1359 1569 1428 1607 De

93 1636 234 1695 saxeis
254 1646 371 1677 certa
391 1649 460 1675 res
479 1646 544 1676 est
564 1651 617 1676 ex
638 1635 951 1691 Aristophane:

314 1723 380 1766 ἐπὶ
398 1728 504 1764 ταῖσι
516 1723 686 1778 πέτραις
703 1720 751 1765 οὔ
776 1726 982 1779 φροντίζει
1001 1729 1186 1778 σκληραῖς
1219 1738 1264 1766 σε
1294 1723 1426 1778 καθή-

923 1811 1047 1848 μενον
1080 1794 1210 1843 οὕτως
1226 1801 1240 1822 ¹
1253 1798 1304 1845 ⁷).

88 1885 157 1925 De
176 1877 340 1938 ligneis
364 1876 561 1930 conjicio
587 1892 640 1918 ex
660 1879 745 1918 hoc
766 1877 968 1930 ejusdem
996 1889 1154 1934 poetae
1184 1894 1339 1922 versu:

90 2027 255 2072 denique
274 2026 337 2061 in:
363 2037 484 2061 neuer
498 2025 694 2060 teutscher
710 2026 880 2059 Mercur.
901 2036 987 2061 ann.
1009 2027 1108 2064 1306.
1135 2038 1196 2061 no.
1216 2040 1249 2072 9.
1284 2028 1422 2061 Emen-

90 2087 180 2122 dare
199 2098 285 2121 mea
309 2093 347 2121 et
364 2098 505 2133 augere
524 2086 639 2120 facile
665 2092 866 2132 poterunt,
893 2087 957 2133 qui
983 2087 1207 2121 necessariis
1232 2086 1421 2129 subsidiis,

88 2148 228 2195 partim
249 2159 371 2192 nuper
388 2148 590 2182 admodum
608 2148 647 2181 in
664 2147 831 2182 medium
847 2148 1017 2192 prolatiS‚
1043 2148 1304 2182 instructiores
1323 2152 1419 2182 sunt.

90 2212 140 2245 Et
158 2221 248 2244 sane
276 2220 414 2254 operae
432 2208 599 2253 pretium
616 2208 735 2249 foret,
762 2207 1037 2243 dubitationem
1052 2209 1172 2251 illam,
1199 2220 1311 2253 quam
1331 2208 1422 2240 Bot-

89 2271 232 2316 tigerus
248 2270 389 2310 movit,
421 2269 482 2313 (N.
513 2268 679 2302 deutsch.
712 2270 881 2304 Mei-cur.
911 2269 935 2302 1.
966 2269 990 2301 1.
1018 2280 1054 2314 p.
1090 2270 1158 2312 11.)
1191 2269 1289 2302 sitne
1317 2268 1422 2300 iocus

89 2331 158 2365 ille
170 2356 180 2373 ,
210 2341 324 2376 quem
341 2341 471 2364 omnes
490 2341 590 2363 nunc
610 2335 744 2374 putant
756 2355 766 2372 ,
793 2341 883 2365 vere
904 2331 1028 2375 Pnyx‚
1058 2341 1130 2364 nec
1149 2337 1198 2364 n‘e
1211 2355 1219 2369 ,
1248 2329 1295 2364 ad
1313 2339 1418 2363 accu-

92 2393 271 2427 ratiorem
292 2390 594 2436 disquisitionem
611 2402 758 2427 vocare.

140 2462 198 2506 14)
220 2460 270 2494 cf.
289 2460 433 2494 Eccies.
458 2471 491 2492 v.
514 2464 570 2503 85.

141 2530 196 2573 15)
218 2530 291 2562 Vit.
310 2528 553 2563 Themistocl.
584 2540 615 2562 c.
651 2541 702 2575 19.

143 2598 199 2639 16)
221 2596 388 2630 Vx'heler.
418 2609 452 2641 p.
485 2607 565 2642 452.

143 2670 199 2712 17)
219 2665 362 2712 Equitt.
394 2677 426 2699 v,
457 2670 535 2712 785.
