1706 3058
239 97 295 152 ῑὸ

238 201 460 244 tuerit.--
491 201 648 256 Neque
672 211 820 241 tamen
849 212 924 242 eos
953 212 1047 241 non
1080 213 1223 242 errare
1249 199 1573 252 contenderim,

237 273 315 331 qui
339 273 458 315 illam
490 273 537 314 in
567 271 806 313 curialium
835 274 988 314 album
1021 272 1364 329 inscriptionem
1397 273 1572 314 decimo

235 357 393 387 octavo
433 343 587 386 aetatis
630 358 746 385 anno
790 358 966 400 semper
1007 342 1102 385 fieri
1143 342 1321 385 solitam
1362 357 1455 385 esse
1472 354 1574 385 vtra-

235 418 430 469 duum).
469 418 564 456 Imo
589 414 707 457 sicut
728 417 842 471 apud
857 419 1079 457 Romanos
1100 415 1289 456 liberum
1309 423 1403 455 erat
1421 427 1576 471 paren-

233 487 354 529 tibus
379 499 513 541 atque
532 485 759 527 tutoribus
779 485 1048 542 permissum
1072 485 1326 530 arbitrium.
1347 499 1435 541 quo
1455 497 1575 526 anno

233 573 257 600 a
281 557 384 599 filiis
410 567 485 598 aut
505 556 687 613 pupillis
709 567 856 614 togam
877 557 1056 599 virilem
1079 557 1196 598 sumi
1225 558 1491 613 placeret²'),
1513 555 1579 597 ita

234 631 354 685 apud
379 628 671 671 Athenienses
693 643 872 686 quoque
904 631 1081 670 nullum
1118 640 1288 670 certum
1314 640 1490 685 ternpus
1508 629 1578 670 le-

232 700 364 757 gibus
382 684 785 741 definitum'suisse
811 699 1004 752 videtur,
1026 702 1133 742 dum
1157 716 1213 742 ne
1234 712 1336 741 ante
1349 700 1577 741 decimum

233 783 447 813 octavum
467 785 580 827 neve
597 783 702 826 post
730 770 997 828 vigesimum
1031 786 1201 813 annum
1235 781 1438 813 exactum
1462 761 1578 811 udo-

231 844 450 884 lescentes
473 841 838 883 inscriberentur.
881 845 1037 898 Itaque
1065 845 1134 884 lex
1165 842 1239 883 illa
1262 843 1382 898 apud
1404 845 1577 883 Demo-

231 916 437 956 sthenem
453 924 495 953 ct
513 912 852 969 Hyperidemff).
865 929 978 970 quae
990 916 1132 965 jubet:
1146 913 1217 957 ἐὰν
1232 916 1270 964 ἐξ
1282 911 1505 970 ἐπικλήρου
1517 930 1578 964 τις

232 988 408 1042 γένηται,
433 985 516 1038 ἅμα
539 988 607 1028 καὶ
627 984 763 1043 ἡβήσῃ
791 987 857 1028 ἐπὶ
884 988 1023 1037 δίετες,
1048 992 1211 1041 κρατεῖν
1235 991 1318 1028 τῶν
1344 984 1573 1041 χρημάτων,

231 1058 323 1098 hoc
350 1070 484 1097 sensu
518 1055 778 1111 accipienda
813 1055 910 1103 erit,
941 1066 989 1096 ut
1008 1067 1111 1111 post
1138 1058 1441 1112 pubertatem,
1471 1054 1500 1096 i.
1531 1070 1573 1100 e.

231 1139 331 1184 post
364 1128 788 1184 duodevigesimum
820 1127 974 1169 aetatis
1006 1143 1201 1177 annum,
1242 1140 1330 1183 quo
1374 1137 1576 1182 tempore

230 1200 431 1255 ephebos
465 1201 602 1241 factos
640 1215 732 1241 esse
762 1203 1013 1255 constat²⁷)‚
1047 1201 1162 1241 ultra
1187 1198 1423 1240 biennium
1444 1197 1576 1240 liberi

231 1273 315 1313 sub
339 1272 478 1312 tutela
504 1285 598 1312 esse
617 1284 852 1320 vetentur,
885 1287 977 1314 non
1015 1271 1165 1313 autem
1194 1270 1278 1318 ita,
1312 1269 1436 1325 quasi
1470 1280 1576 1311 ante

230 1341 509 1396 vigesimum
532 1357 699 1385 annum
733 1360 756 1386 e
788 1347 928 1386 tutela
961 1343 1132 1386 dimitti
1157 1357 1208 1385 ac
1237 1341 1428 1398 proinde
1459 1339 1576 1382 inter

161 1406 165 1409 ’
230 1411 357 1453 viros
376 1411 518 1468 recipi
554 1429 646 1455 non
670 1415 927 1470 potuerint3
960 1427 1004 1456 et
1034 1423 1294 1457 erraverunt
1323 1414 1578 1469 Harpocra-

230 1482 332 1524 tion
357 1494 400 1524 et
425 1485 611 1533 Pollux,
646 1485 722 1541 qui
743 1489 889 1542 legem
918 1487 978 1528 ita
1009 1495 1298 1542 acceperunt.

319 1557 404 1597 Sed
435 1554 473 1596 εἰ
507 1571 642 1611 quem
675 1568 843 1599 tutores
876 1570 979 1600 ante
1010 1557 1281 1614 vigesimum
1308 1571 1472 1598 annum
1499 1554 1575 1598 in..-

228 1637 298 1668 ter
317 1625 439 1668 viros
461 1626 616 1667 referri
638 1639 680 1668 et
699 1628 993 1669 hereditatem
1015 1629 1138 1671 adire
1155 1630 1336 1676 vellent,
1363 1613 1477 1683 opus
1499 1627 1576 1669 fu-

230 1697 318 1740 isse
337 1696 523 1738 videtur
544 1698 744 1754 corporis
767 1698 1054 1754 inspectione
1072 1711 1113 1741 et
1137 1699 1341 1740 examine
1362 1702 1570 1755 quodam,

230 1783 324 1827 quo
354 1770 666 1825 exploraretur,
698 1779 871 1810 essetne
904 1785 956 1812 eo
983 1770 1184 1826 corporis
1212 1770 1382 1819 habitu,
1411 1780 1459 1812 ut
1491 1784 1572 1827 pro

227 1843 397 1898 pubere
416 1839 569 1881 haberi
584 1850 628 1880 et
648 1841 702 1880 ad
723 1840 871 1881 civilia
893 1830 1080 1883 munera
1101 1843 1308 1883 obeunda
1332 1840 1452 1896 adigi
1474 1855 1574 1898 pos·

227 1922 310 1956 eet.
345 1901 489 1962 Hujus
511 1915 751 1966 δοκιμασίας
764 1912 1078 1968 Aristophanes
1098 1917 1282 1969 ejusque
1303 1911 1572 1955 Scholiastes

227 1981 515 2024 mentionem
529 1982 780 2036 faciunt²⁸),
799 1986 1183 2026 etDcmosthenes
1197 1998 1391 2041 quoque,
1414 1979 1491 2026 ubi
1508 1999 1570 2034 se,
1630 2013 1635 2015 >

276 2089 335 2131 24)
364 2087 536 2121 Zosimus
559 2087 776 2121 Ascalonita
794 2086 833 2120 in
852 2085 918 2120 vit.
941 2086 1140 2121 Demosth.
1161 2098 1221 2131 ap.
1242 2069 1569 2122 Reislisroxmlv.
1618 2115 1621 2117 .

226 2159 266 2194 p.
296 2159 372 2194 147.
400 2149 526 2182 Schol.
554 2149 600 2183 ad
621 2149 794 2183 Aeschin.
816 2159 870 2182 or.
891 2148 932 2181 in
948 2147 1134 2182 Timarch.
1162 2159 1200 2192 p.
1230 2159 1285 2192 44.
1317 2159 1346 2182 ι.

274 2210 334 2253 25)
364 2209 421 2242 Cf.
444 2209 574 2242 Adam.
603 2210 728 2256 Antiq.
741 2211 850 2244 Rom.
877 2221 972 2245 vers.
1001 2220 1121 2254 germ.
1148 2220 1185 2254 p.
1211 2220 1290 2255 757.
1319 2213 1360 2242 et
1381 2206 1586 2243 Schwarz.⁴

227 2269 277 2303 ad
303 2270 504 2313 Nieuport.
532 2270 595 2303 VI.
636 2283 665 2304 1.
705 2283 733 2305 1.

275 2329 334 2372 26)
362 2330 563 2363 Demosth.
591 2330 631 2364 in
659 2332 838 2377 Stephon.
865 2342 902 2376 p.
934 2340 1030 2375 ¹135-
1059 2329 1239 2376 Hyperid.
1257 2340 1314 2375 ap.
1341 2330 1567 2375 Harpocrat.

224 2389 268 2424 in
292 2387 448 2425 ἐπιδιετ.
483 2389 547 2436 ἦρ’.
577 2392 636 2426 Cf.
665 2395 792 2428 Isaeus
822 2393 870 2427 de
897 2392 1046 2426 Cironis
1071 2392 1201 2428 hered.
1229 2403 1266 2437 p.
1291 2403 1349 2438 72,
1378 2391 1429 2426 16.
1456 2395 1496 2425 et
1519 2389 1570 2426 de

223 2450 434 2485 Aristar-ch.
458 2451 588 2486 hered.
609 2465 644 2498 p.
673 2459 731 2497 3ο,
753 2466 810 2498 44.
831 2452 962 2498 steph.

270 2515 329 2560 27)
356 2511 441 2547 vid.
470 2513 698 2558 Harpocrat.
723 2522 762 2550 et
786 2515 932 2558 Pollux,
957 2514 982 2549 1.
1008 2514 1034 2548 1.
1062 2513 1118 2548 Cf.
1144 2513 1313 2549 Valesius
1348 2513 1397 2550 ud
1418 2513 1567 2559 Harpo-

227 2579 322 2607 crat.
357 2584 394 2618 p.
432 2574 488 2612 68.

270 2641 330 2671 23,
359 2633 548 2680 Aristoph.
571 2635 684 2682 Vesp.
710 2651 746 2672 v.
773 2643 852 2684 578.

267 2691 422 2731 Παίδων
445 2699 568 2734 τοίνυν
592 2696 893 2745 δοκιμαζομένων
918 2693 1047 2734 «Mafa
1070 2694 1227 2743 πάρεστι
1265 2698 1447 2736 θεᾶσθαι.
