1706 3058
255 133 311 183 58

635 329 1007 378 CAPUT
1092 331 1192 379 IV.

251 443 300 488 A
356 443 514 502 quibus
563 447 612 484 et
668 456 754 501 quo
824 442 956 484 modo
998 443 1201 500 populus
1257 442 1322 487 acl
1382 444 1574 489 comitia

725 535 998 573 convocatas
1027 530 1067 572 εἱ
1070 536 1098 572 t.

331 668 627 716 Convocandi
659 668 813 726 populi
845 674 914 722 jus
946 669 1036 711 fuit
1057 684 1195 726 penes
1224 668 1446 727 prytanea,
1479 682 1570 720 aut,

243 746 282 790 si
307 743 418 802 quid
436 741 579 783 subiti
600 741 852 789 accidisset,
888 743 942 782 de
965 754 1053 796 quo
1077 752 1191 782 extra
1230 742 1433 784 ordinem
1466 757 1572 785 cum

243 816 412 874 populo
437 811 507 869 agi
532 823 779 868 oporteret,
815 811 952 854 etiam
973 825 1108 867 penes
1142 822 1370 869 strategos.
1431 816 1490 855 Ac
1518 814 1573 854 de

243 883 507 945 prytanibus
529 882 715 940 quidem
741 887 942 924 auctore's
965 893 1072 924 eunt
1084 883 1243 925 Pollux
1267 895 1309 923 et
1332 886 1571 940 Harpocra-

244 958 363 1006 tion,
401 970 474 998 eos
505 966 660 1011 quater
680 953 869 1011 singulis
894 953 1115 1010 prytaniis
1140 956 1359 1010 populum
1394 968 1572 996 convo-

243 1027 440 1084 casse¹);
472 1025 610 1082 idque
641 1025 702 1067 ita
735 1027 902 1067 factum
937 1039 1030 1066 esse
1073 1023 1274 1073 videtur,
1306 1037 1357 1066 ut
1395 1037 1436 1067 et
1464 1039 1574 1081 pro-

243 1114 440 1160 gramma
471 1109 820 1154 proponeretur,
854 1108 941 1152 quo
973 1096 1067 1137 dies
1094 1082 1382 1138 comitiorum
1416 1096 1570 1138 defini-

243 1185 384 1220 retur,
418 1168 616 1225 quidque
638 1171 690 1209 ad
711 1169 926 1223 populum
950 1168 1180 1208 ferendum
1206 1180 1341 1216 esset,
1375 1169 1570 1225 promul—

243 1244 500 1304 garetur²)‚
533 1250 578 1280 et
606 1249 658 1280 ut
680 1252 920 1294 praecones
949 1237 1046 1294 ipso
1069 1238 1358 1280 comitiorum
1393 1239 1463 1281 die
1495 1254 1573 1295 per

240 1319 398 1359 urbem
440 1310 804 1357 dimitterentur,
858 1309 935 1365 qui
986 1310 1208 1364 populum
1258 1320 1572 1353 convocarent.

241 1389 351 1432 Inde
372 1384 489 1441 apud
513 1381 917 1438 Harpocrationem
937 1390 1142 1436 prytanea
1166 1379 1376 1422 dicuntur
1394 1381 1572 1438 προγρά-

243 1477 338 1514 φειν
369 1455 447 1510 τὴν
472 1456 706 1507 ἐκκλησίαν,
737 1467 818 1507 pro
855 1466 907 1492 eo
940 1451 1062 1506 quod
1092 1449 1186 1506 ipse
1217 1453 1369 1506 paullo
1398 1463 1500 1494 ante
1527 1462 1572 1493 et

241 1530 401 1573 Pollux
423 1524 629 1566 dixerant
643 1522 832 1579 συνάγειν
852 1523 922 1565 τὸν
945 1526 1101 1576 ὁῆμον;
1128 1532 1172 1562 et
1196 1522 1316 1577 apud
1337 1521 1444 1562 alios
1462 1535 1572 1577 quo·

241 1615 328 1659 que
356 1596 591 1652 scriptores
620 1596 730 1634 haec
758 1591 931 1634 locutio
962 1606 1290 1648 nonnunquam
1319 1591 1570 1637 invenitur.

241 1675 309 1715 Ita
328 1668 446 1725 apud
467 1664 759 1707 Aeschinem:
790 1663 1029 1719 προγράψαι
1062 1664 1158 1713 τούς
1183 1663 1401 1718 πρυτάνεις
1432 1665 1572 1717 ἐκκλη-

241 1745 333 1790 σίας
353 1738 430 1783 δύο
450 1737 552 1780 κατὰ
574 1735 670 1785 τούς
688 1733 843 1788 νόμους
859 1734 912 1783 ³),
937 1732 1014 1773 ubi
1028 1743 1253 1788 postrema
1273 1734 1404 1773 verba
1426 1744 1571 1774 osten·

242 1817 379 1860 dunt,
409 1812 533 1850 hunc
551 1804 890 1862 programmatis
914 1803 1197 1868 proponendi
1227 1818 1396 1845 morem
1417 1802 1571 1860 legiti-

242 1899 371 1928 mum
394 1880 530 1922 fuisse
542 1878 605 1933 ⁴),
636 1887 678 1917 et
702 1877 819 1932 apud
850 1874 960 1916 alios
982 1877 1221 1930 προτιθέναι
1242 1878 1478 1931 ἐκκλησίαν,
1518 1886 1571 1918 ut

246 1957 367 2014 apud
389 1948 656 1995 Libanium:
688 1950 812 1990 κλαίω
833 1949 905 2002 μὲν
926 1947 1021 1990 ὅταν
1048 1951 1089 1991 οἷ
1108 1948 1326 2004 πρυτάνεις
1355 1954 1571 2004 προθῶσιν

244 2035 523 2053 ,,,-,-,.-..

294 2098 329 2139 1)
356 2093 491 2128 Pollux
519 2090 625 2124 VIII.
645 2100 701 2136 95.
722 2090 907 2135 Harpocr.
931 2099 963 2122 v.
984 2091 1092 2134 κυρία
1119 2087 1301 2133 ἐκκλησία.

295 2166 331 2208 2)
351 2164 399 2197 Et
419 2159 573 2206 quidem
592 2159 723 2205 quinto
742 2164 828 2192 ante
847 2157 926 2202 ipsa
947 2157 1099 2191 comitia
1130 2157 1190 2192 die
1205 2182 1214 2199 ,
1243 2158 1275 2191 si
1302 2157 1395 2192 fides
1421 2157 1566 2191 incerto

247 2225 376 2264 Lexici
394 2223 508 2258 Rhet.
527 2219 695 2262 auctori,
724 2219 765 2252 in
783 2218 899 2253 Bekk.
927 2218 1065 2252 Anecd.
1089 2231 1117 2251 1.
1138 2230 1173 2263 p.
1197 2219 1274 2264 296.
1308 2215 1567 2261 Πρόπεμπταε

246 2289 290 2327 τό
309 2286 384 2332 πρό
404 2287 515 2319 πέντε
534 2279 681 2326 ἡμερῶν
699 2280 762 2326 τῆς
777 2279 962 2324 ἐκκλησίας
979 2276 1207 2326 προγράφειν
1233 2276 1292 2314 ὅτι
1316 2278 1418 2313 ἔσται
1439 2276 1568 2322 ἐκκλη-

247 2353 320 2386 σία.
344 2345 377 2384 εἶ
395 2343 513 2387 τύχοι,
540 2341 573 2378 εἰ
590 2340 663 2377 ἔδει
677 2341 869 2386 ἐκκλησίαν
886 2342 1059 2386 γενέσθαι
1084 2339 1132 2389 τῇ
1157 2337 1308 2387 δεκάτῃ,
1331 2340 1570 2385 προέγραφον

245 2409 286 2447 οἱ
302 2404 498 2454 πρυτάνεις
516 2400 594 2439 α’πὸ
613 2402 676 2447 τῆς
689 2407 856 2447 πέμπτης
869 2424 879 2442 ,
907 2399 965 2435 ὅτι
983 2401 1094 2436 ἔσται.

293 2479 330 2523 3)
351 2473 523 2509 Aeschin.
545 2472 590 2507 de
610 2472 692 2506 fals.
729 2473 803 2515 leg.
824 2481 859 2515 p.
891 2481 968 2513 240.

291 2547 328 2590 4)
349 2545 431 2577 Huc
454 2540 620 2575 Pollucis
643 2551 794 2586 quoque
810 2538 923 2572 verba
946 2538 1157 2582 pertinent,
1185 2537 1250 2584 qui
1273 2538 1297 2572 1.
1321 2539 1344 2572 1.
1365 2543 1567 2583 prytanuni

249 2608 301 2642 ait
317 2603 488 2639 officium
504 2601 633 2643 fuisse,
650 2599 878 2646 προγράφειν
895 2598 968 2645 πρὸ
981 2599 1042 2644 τῆς
1050 2598 1183 2648 βουλῆς
1198 2605 1260 2635 καὶ
1271 2597 1345 2643 πρὸ
1367 2596 1430 2644 τῆς
1439 2596 1566 2641 ἐκκλη-

247 2671 345 2709 σίας,
371 2669 456 2712 περὶ
476 2657 528 2698 ὦν
546 2660 602 2698 δεῖ
619 2662 864 2707 χρηματίζειν.
