1706 3058
1277 95 1358 136 205

46 206 182 253 lebat,
226 217 317 244 non
360 198 566 241 delatoris
604 200 856 249 voluntas),
896 201 974 241 sed
1012 199 1058 241 id
1091 203 1211 256 quod
1240 217 1262 243 a
1293 218 1364 245 me

44 289 172 328 supra
204 270 375 312 dictum
397 279 475 318 est,
509 271 750 311 delatorem
782 269 929 326 ipsum
962 275 1208 329 εἰσαγγελίαν
1240 289 1364 315 suam

41 358 133 386 non
165 341 346 386 Senatui
377 342 454 382 sed
484 343 650 396 populo
674 343 726 381 ad
749 345 1107 396 cognoscendum
1134 344 1364 398 detulisse3

41 429 312 472 quamquam
354 412 400 454 id
441 426 530 452 non
564 410 662 452 sine
696 414 882 453 Senatus
913 412 1044 453 venia
1075 415 1242 456 factum
1275 432 1367 459 esse

40 485 330 535 crediderirn3
371 499 483 540 quae
517 494 662 523 tamen
695 482 828 523 venia
859 497 950 524 non
983 484 1071 524 alio
1100 487 1369 541 pertinuisse

39 558 224 600 videtur
290 570 422 611 quam
453 566 504 596 ut
545 565 588 595 et
618 565 718 595 ante
749 553 932 595 comitia
963 554 1012 596 in
1043 572 1370 612 programmate

235 593 248 611 Σ

42 634 264 687 εἰσαγγελία
294 627 368 668 ina
401 626 753 674 denumiaretur,
788 636 832 667 et
859 624 908 665 in
939 625 1139 668 comitiis
1171 643 1271 670 cum
1294 646 1368 686 po-

41 703 148 758 pulo
181 698 338 757 agendi
369 709 635 754 potestatem
659 696 844 738 delatori
873 698 1067 739 facerent
1096 701 1296 743 Proedri.
1314 728 1370 735 —

45 775 129 815 Sed
159 772 277 813 idem
309 772 463 811 Pollux
497 769 581 809 alio
612 770 710 810 loco
742 770 1164 812 Thesmothetarum
1196 772 1243 813 id
1273 790 1368 816 mu.

46 859 129 885 nus
178 843 317 884 fuisse
364 841 522 889 tradit,
562 851 614 880 ut
658 844 901 896 εἰσαγγελίας
943 843 996 881 ad
1027 844 1243 897 populum
1292 848 1370 887 de·-

0 923 2 927 '
47 916 224 957 ferrent.
290 917 342 956 Οἱ
371 914 634 966 Θεσμοθέται,
667 906 835 966 inquit,
866 911 936 960 τὰς
969 916 1217 969 εἰσαγγελίας
1240 922 1369 974 εἰσαγω

48 989 255 1043 γέλλουσιν
278 989 335 1033 εἰς
352 985 421 1028 τὸν
448 988 665 1037 δῆμονω).
727 982 816 1022 Hic
846 984 972 1023 locus
994 998 1097 1046 cum
1117 986 1261 1041 priore
1292 987 1371 1031 illo

46 1071 246 1114 pugnare
276 1056 477 1101 videtur;
510 1068 638 1100 nam,
685 1054 805 1108 quod
845 1065 971 1094 antea
1010 1052 1080 1099 ’ἑὸν
1122 1059 1374 1114 βουλόμενην

49 1129 204 1171 fecisse
237 1126 418 1173 dixerat,
450 1123 497 1164 id
517 1138 640 1164 nunc
659 1124 990 1166 Thesmothetis
1021 1127 1193 1170 tribuit.
1257 1133 1374 1174 Con„

49 1199 373 1242 ciliari'tainen
403 1197 512 1236 haec
542 1193 670 1235 facile
701 1208 903 1250 possunt,
934 1196 970 1237 si
1004 1209 1184 1248 statuas,
1216 1204 1378 1244 adeun-

51 1272 128 1313 dos
159 1269 356 1325 primurn
388 1281 412 1306 a
443 1267 635 1308 delatore
666 1266 804 1308 fuisse
837 1270 1201 1322 Thesmothetas,
1233 1273 1377 1316 inter-

50 1341 385 1397 rogandosque,
426 1348 577 1378 utrum
611 1337 664 1377 ad
694 1351 739 1378 se
769 1350 845 1379 aut
875 1341 929 1379 ad
959 1340 1152 1397 aliquem
1184 1358 1207 1383 e
1238 1348 1378 1387 colle-

51 1410 125 1467 gio
157 1413 324 1450 nornen
359 1407 541 1460 deferri,
582 1422 636 1448 an
681 1412 928 1465 εἰσαγγελίαν
973 1410 1151 1453 institui
1193 1429 1379 1470 oporte-

52 1498 98 1524 re
135 1480 456 1522 existimarent,
535 1478 580 1520 Si
627 1483 875 1536 εἰσαγγελίαν
914 1480 1093 1523 institui
1135 1496 1211 1526 aut
1251 1502 1382 1542 posse

55 1565 133 1596 aut
172 1553 330 1593 debere
369 1549 719 1605 respondissent,
762 1562 873 1593 tunc
913 1564 990 1594 aut
1030 1553 1149 1610 ipsos
1190 1573 1282 1601 rem
1323 1563 1380 1603 ad

54 1625 277 1682 populum
308 1619 487 1669 tulisse,
521 1631 596 1661 aut
629 1622 893 1673 delatorem3
928 1639 1198 1682 quamquam
1226 1631 1381 1685 potuit

55 1694 96 1737 i.
126 1707 304 1750 quoque
337 1694 601 1748 εἰσαγγέλλειν
635 1687 749 1741 dici,
791 1693 870 1750 qui
905 1699 1153 1753 εἰσαγγελίαν
1184 1714 1264 1742 suo
1295 1717 1380 1745 no«

54 1764 179 1808 mine
209 1778 234 1805 a
263 1761 593 1804 Thesmothetis
624 1764 905 1807 deferendam
929 1768 1105 1813 curarit.

140 1839 232 1877 Jam
264 1835 491 1890 quomodo
525 1848 592 1875 res
619 1833 717 1876 sive
747 1851 770 1876 a
800 1840 966 1879 Senatu
996 1839 1092 1882 sive
1122 1856 1144 1883 a
1165 1846 1379 1887 Thesmo-

55 1903 187 1951 thetis
230 1900 328 1947 sive
354 1907 420 1955 ‚ab
461 1904 555 1961 ipso
597 1905 792 1948 delatore
830 1907 885 1950 ad
923 1911 1144 1967 populum
1182 1914 1292 1968 lata,
1329 1916 1380 1957 in

57 1976 254 2022 comitiis
284 1974 431 2031 peragi
461 1975 588 2018 solita
619 1976 700 2026 sit,
743 1994 877 2035 quam
919 1981 1167 2037 poterimus
1197 2000 1381 2029 accura-

57 2049 231 2093 tissime
260 2061 591 2109 persequemur.
653 2051 738 2091 Sed
774 2062 838 2092 est
869 2051 945 2093 hic
975 2054 1097 2095 locus
1127 2058 1275 2111 paullo
1307 2062 1382 2101 ob-

58 2119 254 2169 scurior,
296 2116 343 2159 in
376 2134 463 2176 quo
495 2120 633 2161 multa
670 2135 761 2163 non
795 2121 884 2163 nisi
927 2129 1177 2176 conjectura
1208 2131 1382 2186 assequi

57 2192 214 2240 liceat,
254 2205 357 2232 cum
387 2206 529 2248 neque
559 2206 582 2232 a
614 2193 925 2235 Grammaticis
954 2210 1021 2236 res
1050 2197 1156 2239 satis
1188 2201 1383 2257 explice-

59 2274 156 2316 tur,
197 2273 240 2303 et
277 2261 545 2318 paucissima
577 2274 741 2305 exstent
772 2267 887 2321 apud
917 2265 1154 2322 scriptores
1185 2270 1382 2321 judicioa

59 2348 159 2374 rum
190 2333 347 2390 populi
378 2335 587 2390 exempla,
622 2342 665 2376 et
688 2335 866 2377 brevius
892 2351 940 2377 ea
970 2350 1216 2394 narrentur,
1246 2356 1382 2397 quam

59 2414 112 2446 ut
151 2402 215 2445 rei
252 2405 466 2461 gerendae
503 2404 704 2449 ordinem
742 2418 860 2449 recte
911 2423 963 2451 ex
1005 2408 1061 2452 iis
1113 2424 1381 2470 cognoscere

59 2475 226 2533 possis,
259 2491 402 2518 unum
441 2486 587 2517 autem
627 2476 736 2521 illud
778 2481 933 2522 decem
972 2492 1224 2538 praetorum
1256 2483 1383 2537 judi-

59 2548 194 2599 cium,
226 2547 346 2603 quod
375 2549 524 2603 paullo
556 2549 806 2594 accuratius
839 2566 862 2593 a
892 2552 1183 2610 Xenophonte
1216 2552 1380 2597 descri-

107 2658 119 2679 1
127 2648 184 2692 04)
211 2648 314 2683 VIII.
335 2651 388 2692 87.
