1706 3058
298 137 378 180 2⁴6

304 259 416 300 quae
457 243 635 299 quidem
667 244 893 285 'sententia
923 235 1018 286 'veri
1058 243 1252 287 similior
1288 243 1435 286 videri
1465 243 1625 300 possit,

305 314 342 356 si
375 325 575 370 reputes,
617 313 714 355 aliis
747 328 925 371 quoque
956 313 1004 354 in
1035 317 1187 368 rebus,
1216 314 1298 356 ubi
1328 314 1508 358 calculis
1538 316 1625 356 suf-

305 386 441 441 fragia
485 386 758 437 ferebantur,
809 384 995 427 totidem
1037 386 1211 427 civium
1252 399 1515 427 consensum
1554 399 1628 426 re·

306 455 525 513 quisitum
548 471 653 510 esse,
683 468 733 499 ut
762 467 906 497 ratum
939 455 1064 498 fieret
1085 457 1312 496 decretum
1329 459 1397 506 ¹0).
1458 458 1630 512 Quam-

307 541 439 582 quam
470 526 506 566 si
539 528 637 583 quis
669 528 806 584 pluris
838 526 1088 569 aestimabit
1131 525 1358 568 Plutarchi
1392 526 1630 570 auctorita-

306 609 423 645 tem,
464 609 555 639 tam
597 597 810 642 distincte
849 612 941 640 rern
975 596 1259 654 explicantis,
1300 612 1390 638 non
1421 597 1630 653 equidem

306 670 589 716 adversabor;
622 671 758 709 modo
792 684 850 710 ne
882 669 1064 709 eandem
1087 666 1302 708 rationem
1325 667 1373 707 in
1405 667 1502 709 aliis
1525 682 1630 724 quo-

305 755 392 796 que
424 743 717 794 διαψηφίσεσιν
747 742 1021 780 observatam
1043 752 1133 779 esse
1152 739 1403 779 contendat.
1424 762 1481 771 —
1543 739 1632 780 Ce-

306 821 479 859 terum,
521 809 598 866 qui
642 809 836 850 damnati
869 819 1014 857 erant,
1054 808 1171 849 intra
1212 810 1364 849 decem
1398 807 1493 850 dies
1524 811 1632 851 urbe

308 883 521 922 excedere
566 883 862 936 cogebantur,
904 879 1176 934 exiliumque
1214 878 1328 920 illud
1369 880 1523 920 decem
1555 891 1634 920 an—

307 948 469 993 norum
512 950 653 1008 spatio
695 951 958 999 finiebatur,
998 964 1143 1006 neque
1183 964 1285 991 cum
1327 949 1514 991 infamia
1557 962 1633 992 aut

306 1025 533 1065 bonorum
563 1021 871 1079 publicatione
902 1025 1194 1073 conjunctum
1229 1032 1342 1075 erat,
1380 1036 1522 1078 eoque
1553 1021 1636 1064 dif-

308 1094 475 1135 ferebat
496 1094 548 1134 ab
571 1108 725 1134 eorum
748 1093 895 1142 exilio,
917 1091 992 1149 qui
1014 1090 1193 1144 judiciis
1218 1092 1412 1133 damnati
1437 1099 1637 1144 erant¹¹).

308 1165 438 1206 Haud
470 1178 564 1205 raro
596 1175 745 1206 tamen
786 1164 920 1205 etiam
953 1174 1056 1204 ante
1087 1163 1202 1204 illud
1232 1162 1491 1220 legitimum
1522 1176 1638 1207 tem·
1683 1177 1689 1181 “

306 1249 393 1290 pus
429 1237 574 1276 exules
606 1236 763 1292 populi
792 1233 1094 1291 Psephismate
1124 1236 1524 1292 revocabantur¹²).

396 1325 464 1362 De
496 1331 675 1362 auctore
706 1330 853 1361 autem
887 1317 1165 1370 Ostracismi‚
1197 1333 1462 1376 quamquam
1495 1320 1638 1364 diver·
1691 1334 1696 1338 '

310 1406 355 1431 sa
386 1406 408 1432 a
440 1390 729 1446 scriptoribus
761 1391 1018 1443 traduntur,
1048 1399 1199 1430 tamen
1231 1389 1308 1431 vix
1339 1403 1482 1447 potest
1509 1393 1639 1436 dubi-

312 1461 412 1515 tari,
446 1461 555 1518 quin
587 1476 687 1503 vera
719 1460 777 1502 sit
807 1475 961 1503 eorum
993 1459 1226 1509 sententia,
1259 1461 1336 1517 qui
1370 1462 1641 1507 Clisthenem

311 1532 443 1573 illum
492 1531 750 1588 perbibent,
810 1531 886 1588 qui
933 1542 1036 1588 post
1088 1542 1261 1573 exactos
1322 1532 1640 1584 Pisistratidas,

312 1603 466 1644 multis
499 1601 825 1659 praeclarisque
855 1602 1026 1659 legibus
1058 1613 1187 1658 atque
1218 1600 1438 1645 institutis
1470 1621 1642 1648 recrea-

312 1674 381 1715 vit
412 1672 743 1730 rempublicam,
775 1672 1116 1730 libertatemque
1146 1671 1322 1715 civibus
1353 1674 1640 1729 stabilivit¹⁵).
1703 1681 1706 1684 ’

365 1821 421 1863 ιο)
447 1820 530 1854 Vid.
555 1826 631 1854 tres
655 1821 757 1866 leges
781 1820 880 1866 apud
912 1819 1232 1862 Demosthenem,
1267 1820 1348 1855 adv.
1374 1823 1577 1861 Timocrat.
1602 1839 1641 1872 p.

315 1891 393 1929 7¹5·
420 1881 468 1914 ib.
496 1892 531 1924 p.
559 1893 638 1926 7¹9·
665 1881 705 1914 in
729 1882 866 1916 Neaer.
893 1893 928 1926 p.
962 1891 1060 1928 1575.
1098 1893 1195 1927 quae
1217 1881 1341 1924 infra,
1378 1895 1445 1918 suo
1471 1897 1644 1933 quaeque

319 1941 426 1982 loco,
453 1940 725 1975 adscribentur.

364 2025 417 2068 ιι)
447 2024 558 2072 Quod
591 2026 850 2072 Aristophanis
883 2027 1007 2061 Schol.
1043 2027 1091 2061 ad
1122 2026 1265 2071 Equitt.
1293 2025 1318 2061 l.
1346 2027 1371 2060 1.
1399 2034 1437 2062 et
1461 2028 1508 2063 ad
1531 2030 1643 2076 Vesp.
1700 2029 1706 2040 “

319 2098 351 2119 v.
380 2097 457 2130 941.
490 2092 549 2128 et,
585 2086 649 2132 qui
686 2097 773 2120 eum
807 2088 1013 2132 exscripsit,
1050 2087 1202 2130 Suidas,
1237 2087 1275 2120 in
1301 2100 1334 2121 v.
1371 2083 1648 2135 Ὀστρακισμός,

319 2148 433 2181 etjam
458 2147 584 2181 locum
609 2146 712 2180 exilii
737 2148 815 2182 τοῖς
829 2146 1163 2191 ἐξοστρακισθεῖσιν
1177 2147 1358 2193 assignari
1383 2147 1538 2184 solitum
1562 2137 1647 2184 esse

319 2209 469 2251 dicunt,
496 2209 568 2242 alio
593 2213 690 2242 teste
712 2213 838 2249 caret,
863 2218 988 2253 neque
1012 2207 1090 2242 veri
1114 2207 1237 2242 simile
1262 2207 1425 2243 videtur.

374 2294 433 2335 12)
459 2290 647 2326 Plutarch.
676 2290 810 2325 Pericl.
838 2301 917 2335 cap.
949 2302 1001 2324 ιο.

370 2376 426 2420 ¹3)
455 2376 597 2409 Aelian.
625 2376 667 2409 V.
694 2375 741 2409 H.
767 2375 871 2409 VIII.
899 2385 978 2418 cap.
1002 2385 1058 2418 24,
1085 2385 1198 2420 quem
1222 2385 1244 2408 e
1268 2374 1545 2410 recentioribus
1567 2377 1651 2424 ple-

321 2436 430 2482 rique
456 2447 584 2469 omnes
609 2437 728 2470 secuti
753 2442 850 2478 sunt,
877 2434 924 2468 cf.
954 2435 1177 2481 Wesseling.
1213 2435 1260 2469 ad
1284 2435 1442 2469 Diodor.
1476 2436 1521 2470 T.
1549 2436 1577 2470 1.
1605 2447 1644 2482 p.

320 2507 412 2540 ,μω
438 2507 562 2541 neque
587 2502 772 2540 repugnat
803 2494 891 2529 huic
923 2495 1134 2530 sententiae
1166 2497 1387 2542 Harpocrat.
1413 2496 1453 2528 in
1486 2492 1653 2540 ‘'Immo-

325 2567 404 2600 χος,
430 2555 524 2600 apud
550 2567 663 2602 quem
687 2556 799 2590 verba
823 2555 908 2588 illa:
946 2553 1008 2591 διαὶ
1031 2554 1099 2600 τήν
1122 2554 1292 2600 ιῗποψιάν
1316 2557 1390 2592 τυῖν
1412 2559 1496 2600 περὶ
1520 2557 1649 2592 Πεισί-

323 2629 507 2658 στρατον,
550 2615 728 2651 vertenda
760 2621 864 2648 sunt:
911 2622 1067 2660 propter
1099 2616 1352 2661 suspicionem
1385 2615 1426 2648 in
1450 2614 1649 2649 Pisistrati-

323 2676 406 2711 das:
454 2677 565 2712 aliter
607 2683 719 2723 atque
760 2676 902 2710 factum
938 2682 994 2710 est
1037 2688 1059 2710 a
1089 2676 1279 2719 Meursio,
1323 2676 1465 2710 Pisistr.
1501 2686 1582 2720 cap.
1618 2687 1652 2721 7.
