1706 3058
1316 73 1338 114 ΌΊ

1346 73 1366 113 'al

1378 87 1389 112 ..-

462 190 837 238 CAPUT
897 189 1020 234 XII.

84 308 166 351 De
213 305 355 348 aliis
413 300 760 362 quibusdam
808 299 977 341 rebus
1031 299 1086 341 in
1125 297 1400 355 {comitiis

487 391 747 444 traffctczri
776 389 994 435 solitis,

168 561 353 601 Restant
390 569 531 612 pauca
572 555 785 611 quaedam
814 567 961 594 rerum
994 567 1173 610 genera,
1216 554 1270 593 de
1300 551 1404 608 qui-

82 632 164 672 bus
194 628 242 669 in
272 626 468 669 comitiis
500 641 602 668 cum
632 625 801 681 populo
833 623 903 678 agi
934 626 1121 672 solebat,
1163 639 1277 681 quae
1305 626 1406 666 bre-

78 699 201 741 viter
230 702 318 741 hoc
347 697 491 755 capite
522 697 744 738 tractanda
772 693 905 736 nobis
934 703 1054 734 sunt.
1114 696 1178 737 Ac
1206 695 1407 751 primum

84 771 265 828 quidem
309 770 442 812 tradit
480 765 794 825 Harpocrati0‚
836 768 906 808 vel
945 765 1096 823 potius
1135 766 1408 816 Aristoteles,

83 857 218 900 quem
255 842 331 884 ille
372 853 597 883 auctorem
638 837 862 895 sequitur,
902 838 953 880 in
991 838 1137 895 prima
1175 837 1409 892 Prytaniae

84 913 269 956 ecclesia
302 912 433 954 etiam
465 914 517 955 de
560 910 652 969 agri
694 909 830 952 Attici
870 910 1072 952 custodia
1104 922 1150 952 et
1177 909 1410 967 praesidiis

83 1000 188 1028 cum
218 986 386 1042 populo
419 995 566 1025 actum
592 997 685 1024 esse
700 985 746 1036 ¹).
804 985 911 1023 Erat
941 982 1062 1024 enim
1093 982 1237 1024 Attica
1267 982 1411 1023 omnis

82 1056 245 1114 passim
277 1057 464 1096 castellis
495 1054 762 1111 quibusdam
793 1054 980 1102 munita,
1013 1069 1126 1110 quae
1159 1053 1413 1107 φυλακτήρια

85 1140 163 1170 aut
191 1127 406 1183 περιπόλια
435 1125 696 1167 dicebantur
708 1124 763 1180 ²),
795 1124 842 1165 in
874 1125 1036 1180 quibus
1066 1136 1109 1167 et
1137 1124 1411 1181 praesidium

86 1202 272 1255 agebant
308 1196 502 1251 juniores
544 1195 688 1244 cives,
740 1205 782 1236 et
820 1195 987 1238 circum
1033 1196 1263 1253 regionem
1302 1195 1410 1237 inde

88 1271 404 1316 discurrebant,
436 1281 647 1323 agrorum
670 1269 942 1307 tuendorum
959 1268 1272 1323 furtorumque
1293 1282 1412 1309 coer·

88 1343 330 1383 cendorurn
361 1352 504 1382 causa.
572 1339 628 1377 Et
669 1338 789 1392 apud
830 1339 1174 1393 Xenophontem
1190 1343 1222 1389 ³)
1263 1342 1412 1381 Socra-

89 1425 152 1455 tes
186 1426 210 1453 ει
241 1402 394 1453 futuro
426 1419 596 1450 oratore
625 1408 833 1464 publico,
862 1408 1064 1450 consiliis
1096 1410 1322 1451 civitatem
1344 1412 1415 1451 ad-

87 1489 254 1537 jutum,
287 1485 374 1523 hoc
395 1493 571 1537 quoque
589 1479 787 1535 requirit,
819 1491 869 1520 ut
889 1480 1067 1535 cognita
1097 1483 1270 1531 habeat,
1304 1497 1414 1537 quae

89 1558 145 1598 ad
174 1553 266 1611 agri
296 1551 544 1595 custodiam
572 1549 839 1607 pertineant,
874 1566 986 1606 quae
1015 1551 1228 1607 praesidia
1259 1567 1414 1609 oppor-

91 1639 202 1669 tuna
231 1624 321 1666 sint
350 1635 480 1679 atque
509 1621 766 1669 necessaria,
798 1636 910 1677 quae
941 1633 1106 1672 contra,
1136 1622 1303 1679 quique
1336 1639 1416 1666 cu-

91 1698 274 1739 stodum
302 1709 517 1736 numerus
548 1693 717 1750 ubique
748 1691 939 1734 sufficiat
972 1704 1049 1734 aut
1079 1707 1173 1736 non
1202 1696 1416 1750 sufficiat,

92 1781 145 1811 ut
186 1770 241 1809 de
280 1766 334 1809 iis
369 1777 446 1807 aut
475 1763 686 1822 augendis
729 1775 807 1805 aut
849 1762 1152 1807 diminuendis
1184 1770 1417 1810 consulere

95 1839 267 1882 utiliter
304 1840 469 1895 populo
510 1836 664 1893 possit.
735 1838 875 1882 Erant
914 1846 1062 1877 autem
1105 1838 1306 1880 costodes
1338 1838 1416 1881 isti

96 1911 215 1954 cives
242 1909 463 1963 juniores,
497 1907 692 1954 tirones,
724 1909 895 1963 ἔφηβοι,
927 1922 1072 1964 nuper
1101 1907 1148 1949 in
1179 1908 1418 1951 curialium

99 1982 266 2022 tabulas
297 1978 501 2035 inscripti
516 1985 575 2030 ⁴),
622 1977 970 2035 dicebanturque
999 1982 1234 2035 περίπολοι,
1264 1981 1417 2023 circui·

100 2063 242 2100 tores,
302 2050 517 2107 quoniam
566 2064 690 2107 agros
742 2049 1005 2092 circuibant.
1077 2051 1222 2093 BIoris
1271 2064 1419 2094 autem

97 2133 213 2169 erat,
247 2132 298 2162 ut
327 2120 506 2163 alternis
536 2120 688 2169 annis,
720 2119 934 2163 concione
959 2121 1009 2162 in
1039 2124 1208 2166 theatro
1247 2139 1418 2168 convo-

151 2286 185 2330 1)
211 2286 433 2330 Harpocrat.
459 2286 499 2319 in
523 2288 631 2332 κυρία
653 2282 832 2331 ε’κκλησία.

151 2355 187 2398 2)
224 2356 445 2400 Harpocrat.
486 2356 526 2388 in
562 2354 769 2399 περίπολοι.
829 2356 899 2389 Jul.
925 2355 1069 2400 {Pollux
1102 2357 1167 2391 IX.
1204 2357 1281 2401 16.‚
1307 2365 1347 2392 et
1369 2359 1417 2393 ib.

107 2415 238 2449 Kiihns
259 2421 299 2450 et
321 2418 588 2461 Jungermann.
615 2416 676 2450 Cf.
703 2416 823 2450 Duck.
850 2416 895 2451 ad
919 2417 1086 2463 Thucyd.
1113 2420 1178 2451 VI.
1202 2428 1260 2462 45.

152 2486 190 2529 3)
217 2485 453 2520 Memorabb.
480 2487 551 2519 111.
587 2486 620 2520 6.
658 2498 710 2520 10.

153 2569 191 2612 4)
231 2569 313 2614 Qua
346 2568 467 2605 aetate
498 2569 650 2605 inscribi
682 2570 962 2615 consueverint,
996 2571 1079 2619 *dixi
1115 2582 1247 2617 supra,
1291 2571 1355 2606 lib.
1393 2572 1423 2607 L

110 2639 192 2674 cap.
219 2629 249 2664 6.
