1706 3058
241 158 293 213 96

240 266 345 310 hus.
377 275 562 318 quarum
595 256 922 299 administratio
952 258 1129 314 propria
1160 258 1339 300 Senatui
1371 270 1476 308 erat,
1507 269 1559 301 ut

242 335 294 375 de
325 332 378 374 iis
410 334 459 372 ad
491 330 712 387 populum
744 327 896 369 referri
927 341 1018 369 non
1058 343 1235 370 necesse
1272 341 1409 377 esset,
1443 331 1558 372 ultra

241 404 367 446 illum
395 416 583 447 annum.
626 413 716 455 quo
746 399 904 454 perlata
935 410 1080 448 erant,
1122 403 1307 442 Senatus
1349 401 1558 443 consulta

242 491 333 518 non
365 475 628 523 valebanv).

326 546 410 587 Sed
444 556 555 598 quae
586 542 753 596 populo
785 542 1073 596 proponenda
1103 554 1249 595 erant,
1278 542 1456 600 proprie
1486 541 1561 585 di-

241 620 457 659 cebantur
485 612 843 670 προβουλεύματα;
876 613 1168 668 προβουλεύειν
1199 625 1346 655 autem
1379 613 1563 655 diceba-

243 701 313 729 tur
353 689 560 733 Senatus,
605 697 709 726 cum
751 684 804 723 de
842 686 969 725 rebus
1019 685 1073 725 ad
1113 686 1329 741 populum
1370 682 1563 726 ferendis

245 769 345 801 ante
400 755 689 798 consultabat.
778 756 891 796 Nam
938 756 1055 810 quod
1105 756 1322 796 Luzaciua
1371 756 1560 812 putat⁵),

244 831 390 887 ipsum
408 831 594 870 Senatus
613 826 868 866 consultum
898 827 1067 880 populo
1090 825 1289 874 recitare,
1319 828 1404 867 hoc
1425 825 1564 871 fuisse

242 898 561 957 προβουλεύειν,
602 895 784 937 refutari
824 906 972 951 potest
1012 899 1082 938 vel
1122 912 1213 939 uno
1250 894 1563 938 Demosthenis

242 975 365 1020 loco,
399 984 448 1011 ex
480 965 678 1010 oratione
710 968 764 1008 de
785 967 889 1008 falsa
913 966 1203 1025 legatione⁶)‚
1236 967 1314 1009 ubi
1347 967 1431 1008 ait:
1464 966 1564 1022 ὑμῖν

243 1045 287 1088 δὲ
329 1046 487 1097 πρῶτον
529 1039 600 1093 μὲν
639 1041 732 1095 περὶ
768 1037 933 1081 πάντων
972 1040 1046 1092 τὴν
1088 1039 1242 1096 βουλὴν
1282 1038 1457 1083 ἀκοῦσαι
1493 1040 1564 1081 καὶ

242 1118 547 1170 προβουλεῦσαι
577 1113 654 1153 δεῖ·
683 1134 740 1141 --
778 1108 842 1153 εἶτ’
874 1113 1088 1164 ἐκκλησίαν
1117 1117 1286 1164 ποιῆσαι
1316 1129 1351 1153 κ.
1383 1128 1414 1153 τ.
1446 1115 1477 1152 λ.
1510 1123 1564 1149 ex

243 1200 333 1245 quo
364 1192 569 1241 apparet,
607 1180 686 1223 illo
715 1187 792 1225 τοῦ
818 1181 1114 1238 προβουλεύειν
1143 1181 1320 1237 negotio
1351 1183 1566 1223 Senatum.

242 1266 344 1298 ante
372 1254 661 1312 perfunctum
692 1267 806 1305 esse,
839 1267 970 1308 quam
996 1252 1179 1294 comitia
1210 1263 1487 1295 convocaret.
1506 1274 1565 1285 —-

244 1328 334 1372 Sed
375 1322 522 1367 omnis
561 1327 671 1366 haec
710 1323 1082 1380 προβουλευμάτων
1120 1323 1232 1366 ratio
1264 1323 1415 1365 minus
1447 1330 1566 1362 recte

243 1412 297 1440 ac
326 1392 536 1438 distincte
567 1406 589 1432 a
608 1393 916 1436 Grammaticis
950 1393 1200 1451 exponitur.
1259 1398 1324 1436 Ita
1357 1391 1479 1434 enim
1502 1393 1562 1433 lo—

245 1477 457 1526 quuntur,
491 1462 615 1520 quasi
647 1477 822 1504 necesse
853 1464 1002 1512 fuerit,
1035 1477 1086 1506 ut
1117 1464 1375 1521 quicunque
1394 1462 1566 1518 aliquid

243 1541 302 1581 ad
341 1536 559 1594 populum
602 1534 712 1575 ferre
749 1535 885 1576 vellet
920 1549 1185 1592 quacunque
1225 1536 1277 1575 de
1317 1549 1385 1587 re,
1426 1531 1568 1574 adiret

244 1621 372 1653 antea
403 1610 633 1653 Senatum,
667 1614 710 1645 et
739 1606 881 1661 legem
900 1621 1024 1648 suam
1046 1605 1319 1662 probandam
1340 1603 1445 1645 huic
1467 1616 1568 1658 pro·

241 1688 452 1738 poneret,
484 1689 620 1731 eaque
650 1673 745 1730 ipsa
774 1676 865 1728 lex,
896 1691 919 1716 a
951 1681 1114 1720 Senatu
1143 1678 1351 1732 probata,
1389 1671 1571 1730 προβού-

242 1758 372 1805 λευμα
400 1757 558 1789 vocata
588 1744 668 1794 sit,
701 1760 793 1787 non
820 1745 994 1787 licuerit
1024 1757 1196 1794 autem,
1227 1747 1371 1801 legem
1401 1745 1456 1784 ad
1486 1739 1580 1800 po-'

245 1822 403 1879 pulum
441 1820 580 1871 ferre,
620 1831 733 1873 quae
773 1831 866 1858 non
906 1830 957 1858 eo
998 1818 1134 1858 modo
1175 1827 1276 1857 ante
1313 1815 1363 1856 iu
1404 1817 1569 1873 Senatu

246 1892 532 1947 comprobata
563 1898 607 1929 et
643 1887 934 1944 προβούλευμα
975 1889 1087 1929 facta
1126 1899 1251 1929 esset.
1319 1889 1382 1928 Ita
1413 1896 1570 1928 auctor

248 1960 406 2006 Lexici
435 1957 728 2015 Rhetorici⁷):
764 1960 1087 2015 Προβούλευμα,
1119 1959 1288 2015 inquit,
1322 1957 1376 2013 (f.
1410 1957 1437 2000 l.
1467 1974 1567 2013 προ-

249 2033 484 2091 βουλεύειν)
520 2030 565 2074 τό
610 2032 684 2086 τὴν
732 2030 886 2087 βουλὴν
933 2029 1015 2075 τῶν
1051 2032 1331 2076 πεντακοσίων
1369 2027 1569 2086 πρότερον

248 2175 423 2209 doeidem
450 2183 612 2218 quoque,
643 2171 908 2217 deMyster.p.
933 2180 966 2218 3.
996 2173 1190 2218 13.Steph.
1210 2169 1504 2217 ininquisitione
1520 2168 1568 2203 de

246 2233 396 2269 Hermis
423 2231 606 2267 mutilatis
631 2237 670 2266 et
693 2231 847 2275 dejectis
883 2230 1122 2280 αὗτοκροίτωρ
1159 2233 1317 2268 Senatus
1342 2230 1463 2264 factus
1487 2239 1570 2264 esse

247 2295 397 2330 dieitur.

295 2366 332 2409 4)
367 2361 565 2399 Demosth.
603 2361 683 2396 adv.
711 2362 929 2396 Aristocrat.
964 2374 999 2407 p.
1038 2363 1117 2407 651.
1148 2369 1186 2396 et
1219 2361 1366 2406 Ulpiani,
1393 2361 1450 2395 ad.
1475 2360 1513 2394 h.
1539 2359 1566 2395 1.

249 2438 287 2472 p.
313 2437 392 2471 417.
419 2425 511 2458 Ben.
539 2421 588 2456 cf.
616 2424 726 2457 Petit.
754 2423 869 2469 Legg.
895 2425 970 2456 Att.
997 2435 1032 2467 p.
1063 2422 1138 2468 196.
1173 2423 1232 2456 De
1258 2423 1413 2458 Senatus
1436 2431 1568 2456 mune-
1604 2447 1607 2450 Α

250 2487 352 2521 ribus
379 2485 428 2519 cf.
454 2485 618 2520 Boeckh.
647 2486 693 2520 de
719 2485 802 2519 Ath.
831 2485 975 2519 Oecon.
1003 2483 1032 2518 I.
1069 2495 1106 2528 p.
1136 2481 1210 2526 165.

294 2556 332 2600 5)
359 2553 490 2599 Disqu.
519 2552 566 2588 de
600 2554 719 2600 Epist.
749 2566 793 2590 ac
821 2553 976 2587 Proedr.
1010 2553 1043 2597 §.
1068 2565 1102 2598 7.
1128 2563 1163 2596 p.
1194 2562 1269 2596 ²03·

296 2624 333 2666 6)
359 2635 393 2668 p.
421 2634 499 2668 599.
529 2622 577 2656 cf.
604 2623 737 2658 Aesch.
764 2623 812 2658 de
844 2622 927 2657 sals.
954 2621 1025 2666 leg.
1060 2632 1097 2666 p,
1124 2624 1200 2665 238.

294 2695 331 2739 7)
358 2694 402 2727 In
432 2691 597 2727 Bekkeri
621 2694 820 2728 Anecdott.
848 2693 877 2728 1.
904 2703 939 2738 p.
963 2695 1039 2737 289.
