1706 3058
1329 88 1411 134 233

90 211 176 257 λίας
205 204 242 249 δ’
275 207 332 255 εἰς
359 204 434 259 τὴν
475 201 634 258 βουλὴν
662 201 870 258 προβολὰς
898 200 934 245 δ’
965 202 1008 244 ἐν
1036 205 1094 259 τῷ
1121 200 1247 258 δήμῳ.
1308 201 1418 241 Tres

90 280 239 335 itaque
254 274 636 331 Sycophantarum
659 274 1064 328 persequendorum
1096 273 1253 313 modos
1282 269 1421 312 fuisse

91 350 225 402 dicit,
255 345 434 406 γραφήν,
466 347 729 400 εἰσαγγελίαν,
759 343 979 400 προβολήν.
1039 345 1256 399 Quartum
1283 341 1420 384 etiam

94 423 253 465 addere
304 430 538 476 possumus
579 429 603 455 e
642 416 837 463 Polluce,
881 414 1085 470 etiamn).
1157 417 1285 457 Patet
1330 415 1421 454 hoc

93 491 230 534 etiam
262 490 492 545 exemplo,
534 501 665 544 quam
697 501 801 527 vere
831 485 944 527 illud
975 501 997 526 a
1029 488 1330 526 Demosthene
1359 483 1420 525 di-

92 560 336 626 ctum-sit,
377 561 527 616 plures
567 562 782 613 cujusque
813 556 1017 598 criminis
1049 556 1294 598 ulciscendi
1325 555 1423 597 vias

90 650 116 676 a
146 634 309 676 Solone
340 641 608 686 comparatas
641 644 747 677 esse,
782 644 835 671 ex
867 628 1046 685 quibus,
1078 643 1157 684 pro
1192 643 1427 669 causarum.

96 704 359 748 diversitate
400 702 581 759 suisque
620 700 867 743 rationibus
911 716 1032 749 eam,
1083 715 1193 756 quae
1234 698 1428 740 maxime

95 777 368 821 conveniens
399 774 649 822 videretur,
682 784 804 815 actor
835 772 1030 829 eligeret.
1100 773 1183 813 Sed
1212 769 1429 826 προβολή-ν

92 860 191 891 tum
230 847 515 904 potissimum
555 843 808 886 institutam
853 859 943 885 esse
985 843 1194 897 arbitror,
1246 841 1283 883 si
1326 841 1430 897 quis

98 918 402 962 adversarium
437 928 594 958 nactus
626 927 740 957 esset
770 918 1096 971 Sycophantam
1129 913 1323 956 dicendo
1356 927 1431 954 va-

96 994 260 1034 lentem
293 1000 336 1030 et
367 987 667 1029 Heliastarum
699 985 846 1027 ordini
877 986 1147 1041 gratiosum,
1190 1000 1323 1040 quem
1350 983 1431 1026 vix

99 1063 226 1104 aliter
256 1076 281 1102 a
313 1075 359 1103 se
389 1059 438 1099 in
468 1055 638 1109 judicio
669 1056 868 1112 superari
911 1071 1038 1112 posse
1080 1067 1296 1112 speraret,
1337 1055 1430 1097 nisi

98 1131 259 1191 populi
307 1127 580 1188 praejudicio
631 1139 733 1169 ante
792 1129 1067 1170 damnatum.
1147 1131 1435 1184 Quamquam

99 1204 221 1247 euim
251 1204 373 1245 nulla
404 1199 668 1245 necessitate
698 1200 754 1238 ad
794 1201 1069 1256 sequendum
1112 1199 1227 1240 illud
1256 1202 1435 1255 praeju-

100 1276 271 1319 dicium
302 1273 527 1316 Heliastae
569 1273 861 1328 cogebantur,
901 1270 1073 1326 aliquid
1113 1283 1262 1313 tamen
1304 1286 1434 1326 prae-v·

101 1347 209 1391 sidii
243 1359 375 1402 atque
417 1341 695 1386 auctoritatis
737 1342 898 1384 actoris
931 1358 1086 1384 causae
1115 1342 1315 1384 universi
1346 1357 1436 1398 po-

100 1418 198 1477 puli
218 1416 483 1474 suffragium
508 1414 661 1454 afferre
680 1411 849 1454 debuit.
880 1438 936 1445 -—
995 1413 1319 1470 Sycophamiae
1352 1414 1439 1455 cri-

103 1489 229 1533 mine
271 1489 390 1529 haud
433 1485 568 1528 dubie
609 1484 640 1524 ii
678 1499 856 1540 quoque
898 1484 1087 1526 accussti
1127 1491 1311 1539 sumn),
1355 1486 1439 1542 qui

105 1561 223 1603 falsis
255 1557 517 1602 criminibus
550 1567 680 1611 atque
720 1554 958 1596 calumniis
997 1558 1212 1611 populum
1245 1560 1297 1598 acl
1327 1572 1441 1599 con-

105 1633 377 1675 demnandos
409 1625 802 1670 innocentissimos
843 1628 995 1667 decem
1035 1638 1257 1680 praetores
1299 1629 1440 1671 indu-

105 1715 273 1747 xerant.
335 1704 511 1743 Horum
550 1699 753 1754 προβολαί
782 1696 922 1737 factae
954 1709 1060 1738 sunt
1089 1700 1246 1756 populi
1285 1706 1438 1756 jussu3

104 1779 384 1832 ἐψηφίσαντο,
427 1774 574 1820 οἵτινες
612 1768 683 1812 τὸν
734 1771 864 1822 δῆμον
908 1770 1180 1826 ἐξηπάτησαν,
1232 1776 1442 1831 προβολὰς

107 1847 244 1892 αὐτῶν
276 1845 460 1894 εἷναιῑῦ.
521 1843 574 1884 Id
605 1851 723 1882 extra
763 1838 968 1881 ordinem
999 1856 1023 1882 a
1063 1846 1231 1900 populo
1272 1847 1442 1890 factum

157 1965 214 2007 12)
241 1963 345 1996 VIII.
359 1974 416 2008 4?·
436 1963 497 1995 De
509 1960 836 2006 Sffcophantarum
857 1957 963 2004 φάσει
980 1968 1092 2008 atque
1110 1961 1311 2011 εἰσαγγελίᾳ
1328 1979 1443 2012 supra

111 2023 229 2059 locuti
242 2034 383 2064 sumuS,
403 2033 481 2066 cap.
498 2033 530 2066 3.
545 2022 726 2055 Ceterum
737 2020 812 2054 huc
822 2021 1018 2065 pertinere
1030 2023 1178 2058 videtur
1190 2026 1374 2062 Dinarchi
1386 2030 1445 2062 lo-

112 2096 190 2127 cus,
211 2083 263 2117 ibi
274 2095 295 2116 a
307 2095 370 2117 me
378 2082 680 2127 praetermissus,
702 2093 756 2115 or.
771 2082 811 2115 in
823 2082 1022 2117 Demosth.
1039 2085 1135 2130 p.96.
1146 2091 1202 2130 38.
1218 2099 1445 2136 quamquam

109 2144 322 2192 improprie
339 2139 534 2189 προδότην
555 2143 658 2184 dicit,
686 2154 798 2188 quem
815 2140 1044 2188 συκοφάντην
1070 2146 1145 2179 dici
1170 2150 1350 2193 oportuit,
1371 2156 1377 2186 '.

162 2215 218 2259 15)
245 2214 290 2246 In
315 2211 450 2247 eadem
475 2211 665 2246 sententia
690 2211 997 2255 etiam'raylorus
1016 2220 1086 2256 est,
1111 2216 1273 2253 Praefat.
1302 2219 1349 2253 ad
1368 2222 1448 2256 De-

113 2274 252 2312 mosth.
281 2279 374 2308 orat.
401 2273 442 2306 in
466 2272 561 2306 Mid.
587 2284 624 2318 p.
652 2271 731 2316 563.
756 2272 797 2305 in
821 2271 948 2306 Reisk.
984 2274 1118 2318 Appar.
1157 2278 1250 2312 Crit.
1277 2279 1386 2314 Tom.
1414 2283 1446 2316 I.

164 2344 222 2388 14)
247 2341 417 2386 Xenoph.
444 2341 596 2375 Hellen.
623 2342 654 2374 I.
680 2353 714 2386 7.
740 2341 774 2385 §.
802 2352 857 2386 39.
877 2360 924 2366 —
957 2343 1137 2378 Ceterum
1157 2346 1258 2391 quod
1284 2347 1331 2382 de
1350 2352 1448 2395 Ago·

116 2410 200 2439 rato
225 2402 355 2447 Lysias
368 2408 508 2444 narrat,
534 2401 574 2434 in
592 2402 742 2446 Agorat.
769 2415 806 2448 p.
837 2415 911 2448 155.
938 2414 994 2446 44.
1022 2402 1229 2450 συλλήβδην
1253 2409 1321 2455 γάρ
1347 2410 1450 2455 ὖμξῖς

117 2461 233 2501 αὐτοῦ
273 2465 493 2508 κατέγνωτε,
535 2462 575 2495 id
608 2474 759 2509 quoque
785 2461 944 2500 ἅπαντες
968 2469 1028 2499 καὶ
1055 2465 1093 2501 ἑν
1109 2466 1162 2510 τῷ
1185 2463 1287 2514 δήμῳ
1312 2475 1373 2504 καὶ
1408 2471 1448 2507 ἐν

117 2523 172 2569 τῷ·
195 2521 414 2566 δικαστηρίῳ
426 2524 670 2567 συκοφαντίας
683 2523 727 2557 ad
737 2522 929 2570 προβολήν
938 2525 1182 2561 referendum
1193 2541 1271 2563 esse
1284 2531 1448 2574 videtur,

120 2584 261 2632 quippe
273 2592 369 2629 quae
381 2582 514 2617 ordine
524 2583 688 2628 primum
699 2583 747 2619 ad
764 2584 945 2630 populum
964 2585 1119 2631 deferri,
1144 2588 1234 2624 inde
1248 2589 1289 2624 in
1307 2591 1449 2635 judicio

120 2644 252 2692 peragi
275 2642 431 2678 solebat.
