1706 3058
229 514 244 571 ζ
291 536 296 542 ·
341 493 679 553 Addenda
721 509 790 550 et
831 494 1286 570 Corrigenda.

230 726 321 772 Pag-
332 710 434 765 m
445 726 512 761 lin.
524 737 581 761 20.
593 726 668 772 leg.
680 726 872 761 Senatum.
887 726 1042 770 XVIII„
1059 736 1112 769 14.
1125 723 1385 769 Collyttensis.
1403 721 1482 759 AM.

136 787 179 824 bi
211 798 366 834 quoque
399 787 440 822 in
471 787 582 831 hujus
616 787 781 822 nominis
815 788 1004 832 scriptura
1037 792 1239 832 peccatum
1282 792 1351 820 est.
1405 784 1483 822 Sed

137 850 188 886 de
210 850 309 885 veris
332 849 468 884 formis
494 846 684 886 Κολλιτᾶς
715 854 757 883 et
778 846 983 884 Κολλυτεύς
1007 847 1080 883 vid.
1104 849 1217 893 Spon-
1243 846 1284 881 iu
1310 848 1484 882 Gronov.

135 911 321 946 Thesaur.
355 911 419 945 IV.
453 923 491 958 p.
531 922 610 959 755.
645 909 898 945 Scribendum
928 909 1066 955 igitur:
1111 908 1362 954 Collytensis,
1402 919 1486 944 non

135 968 391 1014 Colyttensis‚
423 972 547 1007 multo
573 973 698 1007 minus
726 971 997 1018 Collyttensis‚
1033 982 1130 1016 quae
1153 970 1280 1005 forma
1301 971 1484 1017 typothe-

133 1036 198 1065 tae
223 1030 422 1067 debetur..
448 1034 523 1069 Sed
548 1034 595 1069 de
621 1035 880 1071 Ecclesiastici
914 1024 1073 1068 auctore
1108 1031 1184 1067 vid.
1220 1044 1319 1078 quae
1351 1032 1418 1066 lib.
1443 1032 1482 1068 1.

98 1129 103 1131 μ
133 1102 216 1138 cap.
241 1103 275 1138 5.
301 1096 517 1130 accuratius
545 1096 734 1142 disputata
758 1101 857 1129 sunt.
887 1113 933 1121 --
977 1095 1064 1139 Pag.
1104 1105 1161 1139 52,
1194 1105 1238 1138 27
1261 1105 1330 1138 pro
1357 1093 1378 1126 6
1401 1093 1481 1138 leg.

133 1167 167 1190 2.
202 1156 262 1199 62,
299 1168 355 1191 22.
416 1158 611 1192 Ceterum.
647 1162 688 1196 81
722 1158 762 1200 F,
797 1169 831 1202 4.
867 1156 958 1190 sive.
984 1160 1029 1200 85
1053 1157 1093 1197 P,
1129 1166 1177 1189 11.
1205 1159 1294 1188 ante
1323 1152 1481 1199 Ulpiani

131 1216 358 1251 exciderunt
380 1218 518 1253 verba:
548 1217 711 1252 Libanii
732 1224 800 1251 aut:
824 1222 868 1261 85
891 1217 933 1258 F,
960 1229 1015 1252 20.
1034 1217 1273 1260 Πρυτανέονν.
1317 1217 1480 1251 Rectius

131 1278 313 1313 scribitur
343 1276 591 1324 Πρυτάνεων,
625 1278 692 1313 sed
724 1279 764 1312 in
796 1277 936 1312 talibus
972 1284 1124 1311 secutus
1159 1288 1245 1310 sum
1277 1275 1482 1324 ediziones,

130 1349 179 1374 ex
204 1339 340 1385 quihus
365 1351 540 1385 quaeque
563 1340 650 1374 loca
675 1339 877 1382 exscripsi,
911 1338 1028 1372 nimia
1054 1338 1225 1373 fortassis
1247 1327 1451 1386 religion&-

224 1401 315 1446 Pag.
344 1404 385 1439 81
412 1401 460 1443 G,
501 1413 556 1436 21.
582 1402 656 1434 Pro
682 1401 896 1438 Ξυπεταίων
921 1399 1034 1432 scrib.
1057 1399 1250 1436 Ξυπετειᾶν
1274 1408 1340 1436 aut
1361 1404 1477 1442 Ξυπε.

128 1459 259 1504 ταιαῖν,
287 1467 326 1495 et
349 1461 416 1496 h'n.
444 1472 523 1508 seq.
548 1463 794 1508 Xypeteones
819 1466 886 1494 aut
909 1461 1190 1505 Xypetaeones.
1216 1462 1298 1497 Vid.
1323 1465 1478 1501 Meurs.

126 1521 176 1558 de
200 1534 316 1569 popp.
341 1524 418 1557 Att.
444 1523 484 1556 in
511 1523 632 1557 Gron.
658 1523 772 1557 Thes.
800 1524 863 1556 IV.
889 1522 970 1569 762.
996 1541 1043 1547 —
1076 1523 1165 1566 Pag.
1206 1534 1282 1567 100,
1319 1535 1352 1568 5.
1378 1526 1473 1561 Del.

84 1633 90 1635 μ
124 1581 298 1619 dicendo.
328 1595 403 1628 102,
429 1589 463 1623 8.
490 1584 589 1630 quia.
613 1588 690 1626 123,
714 1596 748 1630 7.
770 1581 1009 1617 diribitorum
1028 1594 1098 1628 pro
1118 1582 1374 1621 divibieorum.
1394 1598 1475 1634 134,

126 1652 208 1681 not.
236 1659 305 1689 20„
332 1659 352 1681 2
378 1658 399 1680 a
423 1645 489 1679 fin.
515 1644 773 1679 Perithoedas.
802 1646 879 1689 156,
905 1651 985 1679 not.
1012 1645 1078 1679 lin.
1114 1658 1146 1681 2.
1185 1644 1366 1683 Οἴνοαῖος.
1395 1659 1473 1696 157.

127 1719 166 1742 11.
194 1720 250 1754 29,
277 1708 309 1741 6.
336 1713 423 1753 post
447 1705 630 1741 liberatae
651 1706 767 1740 inser.
806 1705 932 1749 urbes,
968 1712 1009 1741 et
1040 1706 1067 1740 1.
1094 1711 1129 1746 8.
1155 1708 1266 1743 scrib.
1303 1710 1398 1745 CIX.
1423 1729 1472 1739 --

127 1779 204 1814 155,
230 1779 265 1814 5.
292 1769 407 1803 talem
429 1780 497 1813 pro
523 1775 659 1801 tamen.
688 1768 761 1810 160,
788 1779 821 1812 5.
848 1765 1066 1815 ιῗπωμοσίαν
1091 1771 1176 1804 etl.
1203 1782 1237 1814 4.
1263 1768 1468 1814 ὕπομόσα-

125 1831 232 1866 σθαι.
261 1831 337 1875 164,
363 1842 402 1865 11.
430 1842 468 1864 12
495 1835 586 1863 extr.
613 1830 731 1864 Scrib-
768 1841 918 1864 comma
949 1836 1036 1875 post
1066 1830 1262 1877 κριθῆναι.
1299 1832 1376 1877 169,
1414 1843 1470 1877 14.

128 1888 250 1937 magis
275 1893 483 1938 magisque.
513 1902 590 1936 172,
615 1902 649 1935 5.
667 1896 754 1935 post
773 1899 854 1925 erat
875 1891 958 1926 add.
982 1879 1195 1926 arbstn‘um.
1227 1904 1303 1939 175,
1324 1904 1344 1937 5
1363 1904 1384 1926 a
1399 1892 1469 1926 fin.

123 1951 199 1986 del.
226 1959 327 1986 statu
352 1960 391 1988 et
414 1964 486 1998 pro
510 1952 584 1986 civi
608 1951 720 1987 scrib.
757 1954 846 1989 cive,
871 1959 945 1997 182,
973 1964 1021 1988 11.
1048 1953 1095 1987 ad
1115 1965 1221 2000 quos.
1249 1959 1328 1999 189,
1355 1954 1388 1988 6.
1413 1951 1471 1988 vi-

123 2013 274 2049 deatur.
303 2015 378 2060 196,
403 2025 441 2047 n.
468 2018 520 2055 81,
546 2024 570 2056 4
591 2024 662 2058 pro
680 2009 911 2059 auom-dmm
934 2015 1048 2049 scrib.
1066 2018 1369 2061 παραπρεσβείας
1391 2027 1469 2062 199,

125 2086 165 2120 13
191 2087 213 2108 a
237 2075 303 2110 fin.
330 2074 484 2120 utrique
510 2079 590 2116 208,
617 2085 655 2107 11.
675 2084 742 2117 111,
769 2075 801 2108 6.
831 2073 1052 2122 κλεψίὸρα-ν.
1087 2087 1168 2121 225,
1209 2087 1260 2112 10.
1288 2076 1470 2111 condem-

122 2141 234 2170 natus
260 2142 331 2171 est.
359 2148 437 2183 250,
463 2147 501 2170 11.
527 2148 564 2182 7,
589 2147 643 2170 10.
669 2136 781 2170 scrib.
810 2135 832 2172 ὃ
853 2133 1101 2184 σιχιιρὀυλεῦω.
1130 2148 1209 2182 255,
1232 2147 1271 2171 n.
1294 2147 1346 2180 14.
1372 2137 1468 2171 Ver-

122 2197 191 2233 ba:
209 2185 438 2242 >κατέγνωτε,
457 2196 496 2231 id
521 2209 668 2245 quoque
691 2197 915 2232 collocanda
939 2203 1028 2231 sunt
1052 2197 1119 2232 lin.
1143 2209 1223 2243 seq.
1249 2203 1338 2243 post
1357 2211 1466 2234 avuo-

121 2260 290 2305 φαντίας.
323 2270 405 2305 254,
442 2271 480 2294 n.
518 2270 571 2304 15,
610 2271 641 2293 2.
675 2260 764 2293 Del.
802 2259 916 2292 colon
947 2264 1035 2303 post
1067 2257 1263 2295 ἐκτιθέτω.
1309 2270 1389 2303 255,
1411 2269 1461 2304 ’5.

120 2319 290 2363 damnas.
328 2321 410 2365 256,
444 2334 476 2356 2.
515 2320 678 2366 publice.
719 2331 797 2367 275,
830 2331 868 2354 11.
903 2329 958 2364 51,
983 2330 1017 2364 5.
1045 2318 1293 2365 τριτολογιάν,
1320 2332 1400 2366 277,
1426 2325 1464 2360 8.

117 2380 243 2415 Tanta
267 2392 364 2416 cum.
392 2387 471 2426 280,
498 2394 526 2416 1.
555 2382 670 2416 annui
696 2386 776 2428 287,
802 2392 853 2416 10.
880 2387 968 2426 post
993 2380 1190 2417 Romanos
1206 2380 1333 2415 insere
1352 2393 1461 2429 quae.

118 2453 200 2488 293,
234 2447 267 2482 8.
302 2449 390 2489 post
422 2443 657 2488 conjunctam
690 2440 766 2477 ins}
794 2441 1036 2486 habuissent,
1080 2448 1119 2476 et
1150 2441 1216 2476 lin.
1253 2454 1334 2488 seq.
1369 2448 1463 2477 ante

114 2503 302 2537 rationem
325 2503 396 2538 ins.
424 2512 603 2552 tempore.
631 2516 712 2549 500,
737 2516 774 2538 11.
803 2516 856 2547 10,
891 2516 912 2549 5
937 2516 959 2538 a
992 2504 1059 2538 fin.
1093 2501 1160 2537 sed
1183 2514 1252 2548 pro
1276 2501 1349 2537 vel.
1373 2513 1459 2551 305,

114 2577 150 2612 7.
175 2565 378 2612 putandae.
403 2567 472 2611 506
495 2573 588 2601 extr.
611 2565 696 2599 add.
718 2577 756 2611 p.
781 2577 862 2610 400.
887 2582 934 2592 —-—
956 2577 1031 2611 511.
1046 2571 1140 2602 extr.
1160 2563 1245 2599 add.
1272 2565 1379 2599 VIII.
1398 2577 1457 2612 97.

115 2637 194 2672 512,
217 2639 252 2671 4.
277 2626 378 2673 apud
401 2638 501 2662 eum.
527 2636 606 2672 515,
632 2639 682 2672 15.
715 2631 833 2673 atque
868 2637 970 2672 opes.
1008 2639 1090 2673 522,
1123 2627 1157 2662 6.
1189 2623 1279 2660 Del.
1306 2636 1459 2662 comma

110 2692 201 2733 post
217 2688 407 2732 majorem.
418 2700 500 2735 550,
519 2692 635 2736 1¹·,842
651 2698 687 2736 5.
709 2684 1005 2736 α’ποστράτηγον.
1026 2697 1109 2770 555,
1127 2698 1180 2725 21.
1199 2685 1452 2724 vacationem.
