1706 3058
202 180 253 210 IV

204 274 423 331 plebeius,
445 270 520 312 sed
541 270 694 310 heroes
725 264 969 314 tantum'').·
1010 264 1153 321 'Atque
1185 267 1237 308 ab
1262 266 1414 320 myssa
1433 267 1526 323 pl‘e-

207 343 291 396 bcji
309 342 399 390 illi,
425 341 559 395 δήμου
585 338 752 392 ἄνδρες,
785 335 999 378 dicuntur
1018 335 1100 380 οὔτ’
1131 339 1175 380 ἐν
1205 338 1363 396 πολέμῳ
1393 338 1529 394 {vuele

203 424 323 470 θμιοι
345 411 428 457 οὔτ’
449 417 508 457 ἐνὶ
537 410 758 467 βουλῇΗ).

291 487 377 528 Sed
396 482 474 540 qui
496 482 615 537 apud
638 481 885 522 Homerum
912 483 1098 530 heroes,
1129 480 1247 535 apud
1276 478 1529 533 Atheniens

205 572 271 600 ses
289 558 470 598 fuerunt
494 549 764 606 Eupatridae
782 550 879 590 sive
902 547 1082 606 patricii
1104 560 1146 590 et
1169 548 1387 604 generosi.
1444 551 1528 592 An·

204 625 514 684 tiquissimum
556 632 708 662 autem
734 623 820 662 hoc
854 620 943 662 fuit
974 618 1251 668 institutum,
1283 630 1332 660 ut
1360 619 1407 659 in
1440 630 1528 660 tres

203 697 382 741 ordines
402 694 594 751 populus
615 691 974 739 distribueretur,
1007 689 1266 745 5137ta19c'doeg‚
1289 690 1529 746 γεωμόρους)

203 763 467 821 δημιουργούς
481 767 581 816 ***).
620 765 760 817 Atque
778 760 1044 817 Eupatridas
1068 761 1252 818 quidem
1279 775 1351 802 eos
1377 759 1529 810 fuisse,

205 835 284 892 qui
313 846 391 876 aut
409 835 530 893 regio
552 832 704 891 generi
727 831 918 888 cognati,
952 843 1028 873 aut
1056 830 1208 886 stirpis
1235 841 1456 871 vetustate
1486 840 1531 871 et

206 905 440 948 nobilitate
470 907 577 948 clari
608 917 775 955 essent,
819 914 862 945 et
891 902 1007 945 ratio
1035 901 1204 956 vincit,
1257 912 1302 942 et
1327 911 1533 942 veterum

203 976 474 1032 scriptorum
509 975 770 1019 testimonia
796 977 973 1027 docent,
1003 973 1082 1030 qui
1113 987 1188 1015 eos
1213 971 1351 1014 fuisse
1373 971 1532 1012 dicunt

204 1049 449 1103 μετέχοντας
475 1037 696 1103 ,βασιλικοῦ
729 1051 863 1104 γένους
895 1057 972 1087 aut
998 1045 1092 1094 τοῦς
1136 1047 1180 1088 ἐκ
1209 1045 1288 1087 τῶν
1319 1043 1534 1097 ἐπιφανῶν

203 1124 326 1163 οἴκων
352 1123 420 1162 καὶ
441 1118 625 1175 χρήμασι
644 1118 855 1169 δυνατούς.
917 1116 1000 1159 His
1023 1126 1173 1157 autem
1195 1115 1299 1156 solis
1318 1113 1534 1170 permissa

206 1199 299 1231 erat
325 1204 549 1230 sacrarum
567 1189 937 1246 publicarumque
959 1202 1108 1229 rerum
1140 1185 1355 1232 tractatio,
1387 1183 1534 1240 magi-

203 1270 423 1301 stratuum
437 1260 805 1316 judiciorumque
819 1257 1163 1306 administratio,
1185 1255 1295 1309 juris
1313 1271 1363 1298 ac
1381 1257 1536 1311 legum

202 1330 509 1386 interpretatio
522 1342 566 1372 et
578 1332 794 1379 custodia,
818 1333 938 1372 nulla
952 1334 1110 1372 harum
1126 1343 1272 1370 rerum
1285 1338 1410 1385 parte
1423 1337 1539 1373 cum-

205 1402 389 1457 reliquis
414 1402 648 1444 ordinibus
679 1401 1143 1454 communicata****).
1188 1397 1362 1440 Rustici
1399 1396 1535 1447 enim,

205 1472 428 1528 γεωμόροι,
461 1474 488 1516 i.
521 1488 557 1518 e.
578 1475 825 1515 fundorum
851 1485 1118 1528 possessores
1138 1472 1190 1511 ab
1221 1468 1317 1510 aliis
1347 1473 1536 1525 γεωργοὶ,

207 1543 442 1598 ἀγροιῶται,
463 1542 646 1598 οἷγροῗκοι
666 1543 792 1590 dicti,
816 1542 930 1599 agris
968 1540 1167 1583 colendis
1189 1538 1370 1590 intenti,
1390 1536 1538 1594 publi-

204 1615 272 1659 cis
295 1614 489 1671 negotiis
511 1628 605 1655 non
631 1616 929 1668 vacarunt†);
952 1611 1144 1668 operarii
1158 1621 1321 1669 autem,
1340 1614 1538 1663 ὣ)μιουρ·,

206 1691 285 1743 φοί,
307 1685 487 1727 infimae
509 1683 641 1725 sortis
656 1682 880 1730 homines,
901 1697 993 1723 non
1015 1681 1217 1731 artifices,
1238 1694 1424 1735 quorum
1438 1679 1540 1721 exi-³

209 1771 325 1814 guus
350 1755 439 1796 fuit
464 1752 662 1809 antiquis
693 1751 968 1808 temporibus
999 1766 1212 1793 numerus
1243 1761 1286 1792 et
1315 1752 1434 1792 haud
1455 1753 1539 1791 aba

205 1833 323 1881 jecta
349 1823 571 1874 conditio,
597 1825 673 1866 sed
697 1822 984 1876 mercenarii,
1014 1821 1160 1878 pretio
1180 1821 1416 1870 conducti,
1449 1836 1536 1864 set·

253 1945 288 1986 *)
316 1943 387 1978 Od.
411 1943 515 1976 VIII.
536 1942 591 1976 26.
613 1941 657 1975 11.
681 1942 732 1975 II.
758 1952 832 1975 110.
863 1939 933 1974 Od.
955 1941 1004 1973 ΙΙ.
1030 1949 1083 1984 15,
1108 1950 1182 1987 157.

220 2003 223 2006 ’
254 2006 307 2047 **)
338 2004 382 2037 11.
407 2005 454 2037 H.
478 2016 554 2037 202.

254 2064 327 2106 **⁴‘)
343 2065 364 2102 J
370 2062 419 2098 ul.
440 2062 584 2098 Pollux.
607 2065 711 2102 vm.
738 2074 815 2099 ιιι.
835 2063 983 2104 Errant,
1008 2060 1076 2108 qni
1088 2058 1220 2095 classes
1238 2060 1303 2096 has
1323 2060 1467 2102 dicunt,
1492 2069 1537 2097 ut

293 2124 454 2167 Petinus,
488 2126 601 2173 Legg.
629 2125 705 2160 Au.
728 2126 776 2158 Π.
797 2132 830 2166 5.
859 2135 896 2170 p.
916 2133 996 2157 201.
1047 2121 1190 2156 Classes
1217 2121 1316 2156 enim
1339 2121 1437 2169 apud
1458 2123 1535 2156 Ro·

299 2194 432 2219 manos
450 2196 627 2226 censum,
653 2183 804 2219 ordines
824 2194 958 2225 autom,
985 2193 1028 2218 ut
1044 2182 1288 2231 patriciorum
1315 2193 1350 2216 et
1367 2180 1536 2229 plebeio-

300 2257 400 2286 rum,
423 2244 578 2291 stirpem
597 2254 814 2292 sequuntur.
839 2245 967 2290 Itaque
994 2243 1132 2277 rectius
1151 2241 1443 2290 Eupatridarum
1463 2250 1531 2277 otc.

302 2305 476 2339 ordinem
510 2305 688 2348 dicemus,
714 2316 826 2351 quam
850 2303 1012 2338 classem.
1063 2303 1204 2338 Classes
1225 2301 1324 2336 enim
1343 2313 1362 2335 e
1383 2313 1497 2337 censu
1513 2314 1533 2337 a

300 2365 441 2401 Solone
469 2365 621 2398 demum
651 2363 842 2399 institutae
861 2374 961 2398 sunt.

256 2435 348 2479 *“*)
375 2433 559 2468 Plutarch.
582 2433 693 2468 Thes.
720 2444 751 2468 c.
770 2440 826 2476 25.
852 2431 1217 2478 Dionys-Halicarn.
1235 2432 1283 2465 11.
1309 2442 1340 2465 c.
1361 2436 1396 2474 3.

255 2505 297 2549 †)
323 2500 420 2536 Aliis
461 2511 582 2536 autem
621 2502 661 2535 in
688 2500 904 2536 civitatibus
929 2501 1134 2549 posteriore
1165 2510 1333 2546 tempore
1356 2496 1536 2556 γεωμόροι

301 2561 454 2597 fuerunt
471 2562 630 2596 maximi
649 2574 781 2597 censu·
800 2562 912 2603 cives,
945 2573 981 2595 et
1009 2559 1239 2608 reipublicae
1258 2559 1466 2607 principem
1491 2566 1534 2594 ut

295 2623 399 2657 Sami
421 2633 455 2656 et
474 2622 679 2668 Syracusis.
705 2635 741 2657 v.
763 2621 937 2668 Thucyd.
961 2623 1066 2659 VIII.
1090 2629 1147 2659 21.
1171 2618 1264 2669 ibiq.
1294 2617 1438 2658 Duker.
1455 2618 1533 2664 Ho-

297 2682 421 2719 rodot.
442 2684 487 2725 V,
507 2690 564 2727 77.
585 2684 648 2723 vl.
671 2691 731 2720 22.
751 2680 849 2728 ibiq.
870 2678 1088 2722 Valckenar-
