1706 3058
288 79 370 130 534

286 188 469 243 supplex
501 187 548 226 iu
579 199 651 226 ara
680 183 905 231 consedit,
944 182 1125 226 venium
1162 182 1249 224 sibi
1279 192 1323 225 et
1355 183 1603 240 impunita-

286 269 378 299 tem
416 270 642 313 quaerens.

372 343 456 385 Sed
488 342 650 396 duplex
682 340 816 382 statui
849 351 994 398 potest
1032 340 1208 384 illorum
1241 338 1496 397 supplicum
1526 354 1605 396 ge-

282 430 389 458 nus:
437 415 625 454 alterum
663 424 840 457 eorum,
881 412 957 470 qui
998 413 1267 456 beneficium
1309 410 1491 466 aliquod
1528 423 1604 453 aut

286 485 505 529 auxilium
546 497 569 524 a
605 483 773 538 populo
826 495 1009 538 pctunt3
1055 487 1240 527 alterum
1283 497 1463 529 eorum,
1512 481 1604 538 qui,

280 555 548 600 maleficium
581 552 760 609 aliquod
792 555 999 608 delaturi,
1033 560 1154 608 cujus
1185 555 1269 612 ipsi
1303 554 1455 595 affines
1486 563 1605 604 sunt,

281 627 596 684 impunitatem
627 640 650 666 a
679 626 846 681 populo
867 636 1070 680 poscunt.
1129 625 1337 680 Utrisque
1359 622 1473 681 ἀδείᾳ
1495 637 1606 678 opus

282 711 370 741 est:
405 696 513 749 illis,
545 708 595 737 ut
628 696 772 745 liceat,
804 698 936 737 verba
964 697 1011 738 in
1044 696 1239 738 comitiis
1280 697 1419 736 facere
1450 695 1504 734 de
1535 708 1608 734 re-

278 773 363 812 bus
393 782 484 809 non
515 766 757 824 propositis
787 782 810 808 a
840 768 1130 822 Prytanibus;
1171 766 1243 808 his
1275 776 1445 812 autem,
1491 763 1609 808 ἇδεία

283 852 350 883 est
389 840 502 896 ipsa,
545 852 676 893 quam
705 848 886 894 petunt,
929 838 1252 880 maleficiorum
1295 835 1607 892 impunitas¹⁵).

280 914 425 968 Atque
454 911 541 951 hoc
571 920 657 957 est,
691 910 810 965 quod
839 907 979 950 Julius
1019 911 1176 952 Pollux
1216 908 1349 950 dicit:
1386 905 1413 961 ἡ
1445 909 1610 963 δευτέρα

281 986 471 1037 ἐκκλησία
510 979 664 1025 ἐνεῖται
702 988 788 1030 τοῖς
818 983 1107 1036 βουλομένοις,
1159 983 1363 1036 ἷκετηρίαν
1403 981 1609 1033 θεμένοις,

281 1061 406 1112 λέγειν
448 1052 580 1102 ἀδεῶς
620 1050 669 1105 (i.
710 1065 748 1092 e.
791 1054 856 1095 ἐπὶ
897 1050 1033 1110 ἀδείᾳ)
1075 1056 1168 1108 περί
1206 1071 1245 1095 τε
1283 1057 1362 1093 τῶν
1394 1054 1511 1094 ἰδίων
1540 1053 1609 1093 καὶ

278 1135 360 1172 τῶν
391 1127 608 1180 δημοσίων.
669 1120 878 1177 Denique
908 1122 1102 1177 praemia
1135 1137 1309 1178 quoque
1341 1132 1384 1162 et
1413 1123 1608 1162 honores

281 1199 460 1244 civibus
501 1206 576 1236 aut
618 1191 860 1250 peregrinis
909 1194 1021 1234 bene
1061 1194 1113 1234 de
1162 1191 1384 1248 republica
1425 1191 1610 1243 meritis,

284 1281 361 1314 aut
399 1266 657 1310 civitatibus
697 1263 831 1304 etiam
872 1263 1030 1303 exteris
1073 1262 1291 1311 habendi,
1331 1262 1380 1304 in
1412 1261 1608 1304 comitiis

280 1358 306 1384 a
334 1335 894 1397 populo²decernebantun
952 1334 1036 1375 Sed
1068 1335 1121 1375 de
1148 1333 1218 1375 his
1248 1348 1342 1375 non
1375 1343 1454 1383 est,
1487 1334 1607 1389 quod

280 1411 425 1455 fusius
462 1409 548 1448 hoc
585 1407 685 1447 loco
727 1404 973 1462 disputem3
1020 1414 1201 1446 tractata
1239 1419 1306 1445 res
1347 1415 1390 1445 et
1429 1406 1482 1445 ab
1510 1403 1608 1446 aliis

281 1496 370 1534 est,
403 1492 447 1523 et
476 1492 618 1533 nuper
646 1475 951 1529 copiosissime
981 1489 1005 1516 a
1035 1477 1338 1529 Koehlero'⁶),
1372 1491 1502 1532 quem
1534 1489 1608 1516 ne-

283 1569 369 1614 que
399 1549 643 1606 compilare
672 1547 796 1597 libet,
828 1562 994 1604 neque,
1027 1561 1140 1604 quae
1172 1546 1212 1588 ei
1244 1548 1388 1588 adhuc
1419 1548 1608 1591 dicenda

279 1636 467 1672 restant,
516 1633 746 1675 occupare.
821 1622 973 1674 Itaque
1018 1616 1161 1673 capita
1201 1627 1370 1659 tantum
1412 1616 1608 1673 attigisse

281 1696 386 1740 satis
426 1693 611 1736 habebo.
657 1713 714 1722 —-
788 1689 1151 1746 Vulgatissimum
1199 1688 1427 1731 Aeschinis
1475 1697 1607 1744 atque

279 1761 592 1811 Demosthenis
633 1771 773 1802 aetate
812 1775 950 1816 genus
980 1758 1284 1815 praemiorum
1324 1770 1445 1801 erant
1475 1772 1608 1800 coro-

281 1854 384 1888 nae,
432 1831 662 1889 oleaginae
705 1842 780 1872 aut
830 1846 1007 1878 aureae,
1061 1845 1166 1886 quas
1216 1829 1349 1886 primi
1401 1827 1607 1871 omnium

280 1906 570 1954 Athenienses
602 1904 703 1944 dare
735 1901 1045 1951 instituerunt3
1085 1899 1303 1956 accepisse
1334 1910 1481 1940 autem
1512 1899 1606 1955 pri-

282 1995 382 2023 mus
425 1974 671 2032 oleaginam
717 1987 930 2016 coronam
976 1969 1167 2016 Pericles
1211 1969 1451 2021 dicitur¹⁷).
1519 1971 1605 2012 Sed

331 2143 386 2186 15)
413 2142 473 2175 De
498 2138 672 2173 universa
695 2136 869 2172 vocabuli
893 2135 1168 2181 significatione
1201 2134 1248 2169 cf.
1276 2133 1440 2170 Boeckh.
1468 2134 1605 2168 Staats—

282 2201 466 2237 haushalt.
495 2199 528 2232 d.
555 2198 690 2233 Athen.
725 2200 774 2232 11.
801 2209 836 2242 p.
866 2202 941 2240 184.

330 2287 386 2328 16)
416 2283 548 2319 Etwas
572 2294 634 2314 zur
662 2280 953 2325 Beantwortung
988 2279 1052 2313 ‹le›-
1088 2280 1230 2325 Frage:
1265 2276 1340 2323 gab
1374 2289 1412 2310 es
1441 2276 1499 2310 bei
1530 2275 1603 2310 den

280 2348 396 2386 'Alten
432 2342 698 2388 Belohnungen
731 2341 794 2375 des
833 2341 1068 2375 Verrlierzstes
1100 2353 1160 2373 um
1196 2339 1266 2372 den
1302 2339 1430 2379 Scaat,
1467 2337 1602 2371 welche

283 2409 354 2443 den
382 2403 623 2441 Ritterorden
650 2415 759 2436 neuer
788 2402 870 2437 Zeic
897 2400 1042 2435 ‹zlmlich
1068 2400 1218 2434 waren?
1267 2401 1310 2432 In
1342 2400 1603 2443 Morgenster—

281 2469 352 2503 nii:
385 2463 605 2511 Deir-ptische
633 2464 826 2510 Beytrdge
844 2461 913 2509 fin·
943 2462 1108 2497 Freunde
1132 2461 1197 2495 der
1224 2457 1486 2504 Philo-sophie,
1514 2457 1601 2497 Lie-

283 2535 421 2563 teratur
445 2524 520 2560 und
548 2524 682 2560 Kanst.
731 2527 829 2560 Ann.
860 2530 956 2569 ¹815·
982 2526 1022 2558 P.
1050 2525 1098 2558 ΙΙ.
1129 2527 1227 2566 1814.
1254 2522 1294 2555 P.
1323 2522 1352 2554 Ι.

331 2612 386 2657 17)
412 2610 533 2644 Valer-
566 2608 720 2642 Maxim.
748 2609 796 2642 11.
825 2608 856 2642 6.
882 2619 914 2651 5.

1683 2440 1706 2697 ff

1658 2870 1706 2918 „i

1684 2926 1706 3058 l
