1706 3058
1354 173 1410 221 δῖ

466 283 846 335 CAPUT
930 287 1011 335 II.

317 398 396 445 De
443 399 581 442 statis
634 398 929 442 comitiorum
977 397 1158 456 diebus-4

155 573 418 630 Pei-vulgata
443 582 508 613 est
528 571 645 614 inter
667 587 823 614 omnes
843 570 1017 628 opinio,
1049 586 1072 613 a
1093 569 1239 614 Petito
1259 571 1410 614 maxia

67 660 143 688 me
159 655 421 702 propagata,
455 654 668 700 quaterna
699 641 783 684 ista
802 643 1078 699 singularum
1103 643 1410 699 prytaniarum

65 715 254 758 comitia
293 715 517 758 ordinaria
561 714 692 757 certis
731 714 949 771 statisque
991 715 1146 755 diebus
1189 715 1410 770 assignata

67 787 222 836 fuisse,
254 787 516 836 undecimo,
548 786 796 842 vigesimo,
831 784 1061 842 trigesimo
1095 800 1145 827 ac
1177 787 1411 844 trigesimo

65 857 202 900 tertio
221 850 455 915 prytaniae
486 857 601 907 diei;
638 857 1002 914 descriptumque
1025 869 1091 899 est
1115 872 1137 897 a
1160 857 1309 900 Petito
1331 862 1414 901 Ca-

65 928 319 971 lendarium
337 929 552 978 Atticum,
580 927 747 971 notatis
769 929 1074 983 prytaniarum
1098 927 1246 969 initiis
1266 941 1309 970 et
1330 943 1414 971 sta-

67 1000 127 1042 tis
153 1000 451 1042 comitiorum
482 999 695 1054 diebus1).
746 1001 876 1040 Hanc
899 999 1164 1053 opinionem
1198 1001 1304 1040 dum
1329 1015 1411 1057 ego

66 1071 268 1112 refellere
289 1070 546 1128 aggredior,
579 1069 893 1126 deprecatione
922 1069 1037 1110 mihi
1076 1073 1293 1112 utendum
1320 1087 1415 1115 esse

65 1151 195 1198 puto,
225 1156 284 1183 ne
315 1141 417 1198 quis
448 1158 548 1192 me,
579 1157 696 1184 nova
729 1143 943 1198 quaedam
976 1153 1020 1183 et
1049 1142 1281 1199 incognita
1315 1159 1415 1201 pro-

67 1212 241 1255 ferendi
273 1211 427 1255 studio
460 1224 765 1263 commotum,
807 1212 1175 1256 doctissimorum
1209 1214 1415 1259 virorum

64 1283 244 1343 placitis
264 1283 572 1326 contradicere
594 1284 874 1340 suspicetur;
907 1299 992 1340 qua
1021 1285 1273 1342 arrogantia
1297 1286 1414 1328 nihil

68 1366 136 1398 est
157 1358 209 1397 ab
234 1349 422 1413 ingenio
446 1371 548 1397 meo
572 1355 775 1398 alienius.
817 1356 904 1397 Sed
927 1358 1011 1397 hac
1029 1355 1145 1398 mihi
1163 1358 1235 1398 via
1268 1358 1416 1414 ingre·

71 1426 293 1469 diendum
324 1442 416 1470 esse
450 1427 601 1476 statui,
634 1438 687 1470 ut
718 1426 871 1469 omnia
902 1426 996 1485 ipse
1019 1429 1318 1471 examinarem
1351 1431 1417 1471 di-

66 1497 272 1554 ligenter‚
303 1515 452 1556 neque
471 1514 553 1556 pro
584 1514 691 1541 vero
712 1499 953 1556 quicquam
984 1502 1290 1554 amplecterer,
1323 1502 1415 1544 nisi

71 1571 198 1624 quod
219 1569 354 1610 certis
383 1581 588 1612 veterum
613 1570 888 1625 scriptorum
910 1568 1186 1612 testimoniis
1207 1584 1284 1613 aut
1307 1589 1416 1629 pro..

67 1637 291 1680 habilibus
327 1639 579 1682 rationibus
612 1639 866 1682 confirmari
898 1653 1028 1695 posse
1048 1640 1264 1684 viderem.
1320 1647 1415 1689 Hac

67 1708 214 1766 igitur
244 1710 488 1751 disserendi
511 1712 608 1768 lege
641 1708 896 1766 proposita,
928 1709 1127 1766 primum
1155 1715 1414 1760 calendarii

69 1779 202 1823 istius
225 1781 423 1824 rationes
455 1782 748 1824 excutiemus.

154 1852 417 1906 Prytaniam
448 1852 498 1894 in
526 1853 701 1911 vulgari
735 1868 854 1897 anno
885 1854 1059 1907 lunari,
1099 1857 1176 1914 qui
1207 1861 1418 1906 CCCLIV

71 1922 228 1965 diebus
268 1935 468 1973 constat,
512 1927 666 1969 XXXV
707 1935 786 1966 aut
823 1928 994 1969 XXXVI
1028 1927 1204 1971 dierum
1237 1943 1419 1989 tempus

69 1994 335 2051 complecti,
364 2008 530 2040 notum
560 2008 628 2038 est
657 1995 707 2036 in
738 1997 917 2052 vulgus,
948 2014 1096 2056 neque
1126 2000 1351 2046 incertum
1366 2012 1416 2056 ²),

70 2064 342 2108 Distributis
365 2066 489 2109 enim
512 2068 725 2112 CCCLIV
750 2066 907 2111 diebus
929 2069 978 2112 in
999 2075 1036 2114 X
1058 2073 1302 2128 prytanias,
1333 2079 1413 2119 ob-

69 2135 268 2178 veniunt
287 2135 479 2195 singulis
503 2138 596 2181 dies
623 2137 752 2196 quini
768 2150 812 2181 et
833 2140 1007 2189 triceni,
1031 2142 1225 2185 residuis
1250 2147 1410 2190 diebus

71 2217 289 2264 quatuor:
311 2222 502 2264 quorum
524 2208 692 2266 singuli
713 2220 791 2251 aut
806 2210 963 2266 primis
983 2224 1177 2269 quatuor
1193 2218 1416 2271 prytaniis

70 2289 151 2319 aut
181 2280 417 2335 postremis
449 2280 639 2322 attribui
671 2282 896 2336 solebant,
927 2295 978 2324 ut
1000 2294 1240 2341 quaternae
1264 2300 1415 2332 essent

70 2362 208 2391 xxxv1
232 2348 407 2393 dierum
429 2351 671 2408 prytanin,
729 2353 858 2395 lnam
881 2357 1151 2398 sententiam
1181 2356 1413 2416 Sigonius,

75 2559 84 2571 l
123 2502 159 2546 ι)
185 2504 298 2540 Petit.
328 2507 372 2541 L.
398 2507 441 2541 L.
469 2507 512 2541 A.
538 2508 580 2542 A.
607 2509 681 2544 111.
710 2521 742 2544 1.
769 2521 806 2556 p.
833 2515 901 2559 278
933 2531 982 2538 —
1003 2517 1082 2559 285.

121 2587 159 2630 2)
186 2599 220 2621 v.
247 2589 402 2635 Argum.
429 2603 461 2626 2.
489 2598 581 2626 orat.
602 2593 805 2628 Demosth.
827 2595 1004 2631 adversus
1022 2598 1247 2635 Androtion.
1266 2612 1303 2646 p.
1329 2611 1410 2647 590.

75 2648 123 2683 R.
151 2648 199 2683 cf.
227 2650 354 2684 Petav.
380 2652 514 2686 Doctr.
541 2659 658 2699 temp.
684 2656 735 2689 ΙΙ.
774 2668 803 2690 1.
838 2658 905 2704 qui
939 2666 1122 2706 corrupta
1146 2661 1334 2710 quaedam
1364 2662 1412 2696 il-

75 2708 148 2745 lius
174 2711 392 2757 argumenti
413 2711 499 2748 loca
523 2714 638 2750 tacite
661 2715 852 2756 emendat.

1087 2782 1130 2825 (3
