1706 3058
290 81 368 123 532

289 198 403 235 cata.
445 189 796 243 producerentur
824 187 889 229 ini
922 187 1108 236 tirones,
1149 190 1361 243 hastaque
1398 199 1443 231 et
1472 198 1600 233 scuto

286 258 463 317 publice
494 259 818 311 donarentur’)‚
845 259 950 299 inde
981 257 1028 299 in
1058 257 1235 315 Aglauri
1265 258 1463 314 fanum‘)
1494 275 1601 316 per-

286 340 439 383 gerent
479 339 522 369 et
560 331 742 371 solenne
779 327 841 370 ibi
882 332 1179 380 juramentum
1218 331 1434 380 jurarent,
1475 333 1601 382 cujus

288 400 499 446 formula,
531 401 774 441 secundum
805 403 960 443 Joann.
1018 401 1255 441 stobaeum
1270 401 1325 454 ⁷),
1355 402 1466 441 haec
1485 410 1600 442 erat:

288 470 394 511 Non
435 470 738 511 dehonestabo
777 486 914 511 sacra
944 470 1057 512 haec
1088 485 1246 522 arma,
1294 486 1434 528 neque
1468 470 1600 512 dese—

283 555 386 585 ram
415 541 462 582 ιἰι
493 542 592 583 acie
624 541 788 582 loc-nm.
857 540 1107 584 Dimicabo
1132 556 1221 599 pro
1265 542 1359 582 aris
1390 549 1435 584 et
1454 541 1600 599 focis,

285 619 329 654 et
360 611 481 654 solus
511 619 558 654 et
587 627 690 654 cam
720 612 841 653 aliis.
899 612 1119 656 Patriam
1148 628 1237 654 noa
1265 613 1487 654 minorem
1521 611 1604 654 sed

286 684 512 741 majorem
542 690 588 724 et
611 684 918 740 potentiorem
940 682 1142 740 posteris
1172 683 1443 739 relinquam.
1505 683 1603 726 Ob-

286 754 548 812 temperabo
579 754 663 806 iis,
697 755 775 810 qai
799 755 877 810 jus
907 752 1059 796 dicent
1079 753 1345 810 prudenter.
1402 753 1604 807 Legibus

278 825 484 882 parebo,
529 832 573 865 et
615 840 728 882 quae
769 841 888 867 nunc
920 824 1143 876 obtinent,
1187 832 1231 866 et
1260 841 1374 882 qaae
1397 827 1602 883 populus

287 896 334 938 in
369 903 612 954 posterum.
651 897 839 938 sanciet.
914 895 966 937 Si
1007 896 1105 953 qais
1146 896 1272 954 leges
1312 903 1484 939 evertet
1523 905 1604 940 aut

286 967 533 1026 migrabit,
574 983 662 1010 non
697 969 885 1026 patiar,
928 966 1012 1009 sed
1049 967 1299 1010 vindicabo
1335 974 1379 1008 et
1407 968 1530 1009 solas
1558 975 1605 1011 et

285 1054 390 1082 cum
431 1038 650 1087 omnibu&
712 1039 860 1081 Sacra
889 1038 1055 1096 patria
1093 1039 1256 1081 colam.
1321 1038 1477 1081 Testes
1499 1039 1604 1082 Dii

282 1117 439 1162 sunto,
470 1111 732 1168 Aglaurus,
763 1110 1009 1166 Enyalilcs',
1043 1109 1192 1160 λίαν-ε,
1224 1109 1420 1166 Iupiter,
1456 1108 1601 1152 Thal,

283 1183 355 1234 lo,
387 1181 549 1234 Aaxe,
581 1180 863 1241 Hegemone.
919 1181 1028 1220 Inde
1069 1190 1145 1221 aut
1174 1195 1340 1221 annum
1369 1191 1446 1221 aut
1475 1180 1603 1222 bien-

282 1251 434 1302 nium,
467 1264 670 1294 externae
701 1250 890 1292 militiae
922 1250 1162 1302 immunes,
1195 1250 1481 1293 circuitorum
1511 1266 1607 1294 mu.-

281 1339 386 1366 nere
423 1324 776 1378 fungebantur⁸).
845 1323 988 1376 Atque
1032 1321 1086 1359 de
1116 1319 1187 1364 hia„
1216 1322 1442 1363 hactenus.

368 1411 505 1450 Porro
535 1407 574 1448 si
606 1406 684 1463 qui
714 1416 881 1461 essent,
919 1405 996 1461 qui
1027 1404 1250 1461 supplices
1281 1404 1429 1461 aliqua
1468 1408 1521 1449 de
1559 1425 1606 1452 re

282 1494 386 1522 cum
416 1480 583 1535 populo
615 1492 742 1535 agere
769 1480 951 1526 vellent,
982 1475 1112 1524 iisin
1144 1477 1336 1517 secunda
1367 1479 1602 1531 Prytaniae

281 1549 465 1594 ecclesia
496 1548 664 1591 aditum
706 1550 859 1591 datum
901 1562 991 1590 esse
1028 1546 1169 1589 Julius
1208 1547 1365 1588 Pollux
1393 1548 1604 1607 σακίων),

284 1620 514 1678 Supplices
545 1631 710 1676 autem,
739 1635 841 1662 cum
866 1618 1015 1666 ramis,
1031 1618 1173 1666 oleae,
1205 1618 1299 1657 alba
1328 1618 1426 1660 lana
1457 1621 1603 1663 revin-

283 1692 395 1745 ctis,
436 1689 663 1732 considere
693 1691 740 1732 in
772 1690 857 1732 aris
886 1691 1088 1732 solebant
1117 1698 1192 1730 aut
1220 1686 1377 1730 Matris
1407 1693 1604 1736 Deorum

284 1773 362 1805 aut
399 1761 753 1813 Misericordiae,
794 1776 904 1820 quae
943 1771 1065 1803 erant
1103 1758 1153 1802 in
1192 1761 1313 1814 foro,
1349 1770 1425 1801 aut
1453 1760 1504 1804 in
1531 1777 1601 1805 ara

329 1934 368 1978 5)
392 1934 614 1978 Harpocrat.
634 1934 675 1968 in
696 1933 907 1980 περίπολοι,
926 1941 965 1969 et
981 1934 1033 1973 ssa,
1051 1933 1243 1971 Maussac„
1260 1930 1382 1967 Vales.
1409 1932 1456 1968 ad
1473 1934 1602 1979 Maus-

285 2007 357 2030 sac.
383 2007 420 2040 p.
448 1999 526 2039 318·
562 2006 617 2040 sq.

329 2080 366 2122 6)
394 2080 520 2113 Unum
541 2078 650 2121 hujus
676 2078 769 2113 deae
793 2078 923 2113 fanum
940 2080 980 2112 in
1003 2078 1088 2112 foro
1101 2103 1111 2121 ‚
1137 2088 1255 2123 prope
1279 2075 1413 2111 aedem
1436 2075 1602 2116 Castoris

285 2147 324 2174 et
348 2139 528 2183 Pollucis,
554 2146 784 2174 memoratur
811 2152 833 2174 a
857 2138 1060 2182 Pausania,
1095 2139 1168 2173 Att.
1196 2138 1336 2172 XVIII.
1363 2148 1410 2180 2.,
1437 2136 1600 2174 alterum.

283 2201 324 2234 in
349 2211 458 2243 arce,
493 2200 539 2234 ab
563 2199 779 2244 Herodoto,
814 2201 917 2234 VIII.
945 2211 1024 2245 cap.
1051 2210 1106 2244 53.

331 2283 368 2329 7)
395 2281 497 2316 stoh.
524 2293 635 2318 serm.
662 2284 760 2318 XLI.
786 2285 832 2318 N.
860 2295 934 2328 ²41-
961 2284 1017 2318 Cf.
1045 2283 1114 2317 Jul.
1141 2281 1284 2323 Pollux,
1308 2279 1411 2315 VIII.
1442 2289 1517 2325 ²⁰5·
1542 2291 1598 2326 sq.

287 2349 326 2377 et
347 2342 397 2377 ih.
424 2343 669 2388 Interpretes.
695 2343 805 2378 Petit.
831 2345 947 2389 Legg.
974 2346 1046 2378 Att.
1074 2355 1110 2388 p.
1133 2353 1209 2388 231.
1241 2352 1323 2386 sqq.
1349 2344 1390 2373 et
1418 2338 1471 2374 ihi
1493 2340 1602 2375 Wes-

287 2403 352 2439 sel.
379 2403 528 2448 Taylor.
555 2403 600 2437 ad
625 2404 785 2454 Lycur-g.
818 2404 858 2438 in
891 2405 1059 2439 Leocrat.
1087 2415 1124 2448 p.
1154 2407 1228 2447 189.
1254 2401 1300 2435 R.

333 2488 369 2529 8)
396 2487 578 2531 Harpocr.
604 2492 642 2520 et
665 2487 798 2521 Pollux
819 2487 844 2522 l.
871 2487 897 2523 1.
922 2499 1007 2524 cum
1023 2488 1163 2534 Inttpp.
1191 2485 1313 2523 Schol.
1338 2482 1507 2530 Thucyd.
1532 2483 1600 2521 IV.

289 2549 342 2593 67.
371 2552 409 2581 et
432 2547 482 2585 ib,
502 2547 621 2583 Wass.
649 2553 688 2584 et.
710 2548 831 2584 Duck.

334 2619 370 2661 9)
396 2617 499 2650 vm.
525 2616 580 2660 96.
