1706 3058
1383 121 1440 164 99

113 210 276 252 cavisse
323 218 522 266 apparet,
576 220 634 249 ne
677 208 799 263 quod
839 205 1099 264 Psephisma
1141 208 1190 249 in
1240 208 1438 255 comitiis

110 293 458 338 proponeretur,
491 276 578 319 nisi
611 278 659 318 in
691 280 856 320 Senatu
886 289 986 319 aute
1017 282 1354 336 comprobatum
1375 295 1441 325 es-

109 363 202 404 aet,
241 354 339 401 sed,
378 367 435 392 ne
476 351 565 391 ulla
611 349 665 390 de
703 363 750 389 re
781 349 837 389 ad
866 350 1088 404 populum
1130 351 1340 403 ferretur,
1386 356 1439 398 de
1491 387 1495 389 μ

110 437 196 478 qua
227 437 319 464 non
350 425 537 465 Senatus
569 421 829 464 consultum
859 431 961 461 ante
1004 422 1174 463 factum
1206 435 1248 465 et
1277 424 1325 467 in
1359 442 1438 469 co..

107 492 250 536 mitiis
274 493 512 536 recitatum
539 503 666 535 esset.

190 551 483 622 Reessabamr
499 590 651 620 autern
684 579 870 620 Senatus
892 581 1144 622 consultum
1166 582 1314 626 statim
1337 597 1438 642 post

106 665 228 692 sacra
257 661 430 706 peracta
462 665 483 691 a
515 664 736 706 praecone
752 653 829 702 ’ῆς
861 650 967 692 dein
997 656 1233 707 rogabatur
1255 671 1278 696 a
1308 658 1438 701 Proe-

107 719 198 762 dris
229 721 446 777 populus,
480 721 766 762 videreturne
798 724 985 763 Senatus
1019 727 1223 767 consulto
1256 731 1439 785 acquie-

104 792 347 842 scendum,
391 807 447 834 an
481 790 566 833 sibi
606 790 694 847 ipsi
727 805 904 848 quoque
947 795 1001 833 de
1033 797 1161 838 rebus
1194 801 1437 855 propositis

103 860 292 904 ulterius
335 863 671 904 deliberandum
713 877 817 906 esse.
879 865 1165 906 Voluntatem
1198 884 1322 912 suam
1354 889 1439 928 po..

102 935 235 990 pulus
265 932 542 990 porrigendis
574 935 796 975 manubus
819 935 1079 984 declarabat,
1113 936 1250 993 idque
1279 962 1439 999 προχει-

103 1013 288 1061 ροτονεῖν
321 1004 554 1046 dicebatur
584 1014 628 1044 et
646 1009 963 1060 προχειροτονία.
1024 1010 1099 1052 Ita
1107 1011 1435 1066 Harpocration

97 1078 188 1118 hoc
210 1077 484 1117 vocabulum
513 1073 785 1132 explicat¹⁵)·
806 1075 996 1130 ’'Eomsv,
1030 1076 1123 1134 inq
1117 1079 1195 1125 rit,
1225 1081 1363 1140 Ἀθην
1369 1105 1436 1147 ῃσι

100 1147 263 1191 τοιοῦτό
292 1167 330 1191 τι
357 1151 594 1204 γίγνεσθαι
627 1143 779 1190 ὁπόταν
808 1153 881 1202 τῆς
900 1153 1055 1204 βουλῆς
1073 1157 1278 1207 προβουλε
1283 1158 1359 1200 υστῖ
1348 1176 1437 1214 σῆς

101 1223 339 1277 εἶσφὲρηται
369 1222 427 1269 εἰς
456 1218 526 1262 τόν
559 1221 692 1273 δῆμον
724 1216 751 1273 ἦ
782 1218 937 1276 γνώμη,
968 1221 1169 1278 πρότερον
1190 1228 1341 1280 γίνεται
1358 1249 1436 1285 χει-

99 1295 265 1347 ροτονία
291 1294 333 1335 ἐν
363 1297 414 1348 τῇ
443 1292 645 1348 ἐκκλησίᾳ.
675 1290 850 1347 πότερον
879 1294 997 1334 δοκεῖ
1019 1296 1116 1349 περὶ
1144 1302 1226 1338 τῶν
1254 1306 1435 1356 προβου-

98 1361 428 1418 λευσάντων(εει·.
451 1366 867 1418 προβουλευθέντων)
888 1365 1124 1418 σκέψασθαι
1141 1365 1213 1409 τὸν
1234 1373 1379 1426 δῆμον,
1405 1375 1436 1429 ἥ

97 1429 219 1490 ἇρκεῖ
234 1435 278 1478 τὰ
300 1432 601 1490 προβούλευμα.
651 1433 806 1475 Utitur
832 1433 913 1474 illo
941 1437 1078 1476 verbo
1103 1440 1432 1486 Demosthenes

101 1502 152 1545 in
166 1503 366 1546 oratione
379 1505 588 1544 adversus
599 1503 917 1552 Timocratem,
935 1504 1014 1545 ubi
1026 1504 1112 1547 ait:
1145 1513 1433 1570 Προβούλευμ’

100 1573 282 1631 ἐγράφη·
320 1575 419 1631 μετὰ
457 1581 604 1628 ταῦτα,
644 1578 869 1632 γενομένης
907 1578 1142 1631 ἐκκλησίας,
1193 1597 1432 1642 προυχειρο-

99 1647 272 1701 τόνησεν
313 1646 336 1690 ὁ
374 1646 577 1700 δῆμοςῐε).
648 1647 734 1687 Sed
785 1647 902 1700 apud
942 1646 1202 1692 Aeschinem
1245 1655 1431 1701 Proedri

98 1716 210 1773 ipsi,
252 1715 330 1773 qui
368 1717 587 1772 populum
612 1726 792 1771 rogant,
840 1733 1003 1802 ⁷³9⁰x³¹311
1011 1726 1169 1763 οτονεῖν
1199 1721 1427 1779 dicuntur,

97 1788 148 1830 in
180 1787 384 1830 oratione
407 1789 614 1829 adversus
640 1785 951 1828 Timarchum:
977 1785 1179 1835 Ἐπειδάν
1209 1796 1252 1838 τὸ
1271 1802 1427 1856 καθάρ-

98 1877 189 1904 σιον
218 1866 488 1917 περιενεχθῇ,
529 1861 598 1902 καὶ
631 1855 653 1902 ὃ
684 1859 815 1915 κήρνξ
842 1858 915 1908 τὰς
934 1864 1131 1916 πατρίους
1162 1864 1283 1920 εὐχὰς
1314 1871 1427 1926 εὔξῃ

96 1951 180 1986 ται,
219 1937 549 1989 προχειροτονεῖν
573 1927 744 1973 κελεύει
782 1928 828 1986 (ὃ
857 1930 1011 1988 ’νόμος)
1051 1952 1146 1985 τους
1187 1942 1428 2000 Προέδρονς

96 2077 225 2112 afferri
249 2089 270 2111 a
295 2075 581 2119 Grammaticis,
606 2075 673 2111 sed
697 2088 742 2112 ea
766 2089 862 2124 quae
885 2089 933 2113 ex
956 2083 1119 2117 auctoris
1148 2084 1205 2118 sui
1229 2090 1351 2124 verbis
1377 2095 1424 2126 si-

96 2138 137 2173 bi
177 2137 466 2183 deprehendere
498 2137 731 2171 videbantur.
765 2157 812 2163 —
861 2139 1042 2176 Ceterum
1077 2143 1117 2176 in
1147 2147 1276 2182 multis
1310 2153 1424 2188 rebus

95 2199 314 2245 saepissime
339 2199 557 2244 neglectam
581 2210 663 2232 esse
677 2198 775 2232 hanc
800 2199 924 2244 legem
948 2203 1035 2236 satis
1061 2210 1217 2241 constat.
1244 2210 1318 2246 vid.
1345 2214 1424 2249 De·

96 2258 237 2294 mosth·
263 2258 343 2292 adv·
370 2259 526 2294 Androt,
553 2271 589 2304 p,
614 2270 693 2306 595.
723 2271 807 2294 cum
831 2272 973 2306 argum.
1000 2274 1035 2307 p.
1061 2274 1141 2310 592.

147 2342 204 2386 14)
237 2341 282 2376 Id
317 2349 364 2376 ex
394 2343 654 2387 Aristophanis
689 2343 919 2389 Thesmoph.
953 2359 986 2380 v.
1013 2358 1090 2394 372.
1120 2353 1255 2395 conjici
1279 2364 1418 2402 potest,

99 2403 166 2436 ubi
188 2406 228 2436 in
252 2403 457 2437 mulierum
492 2404 652 2438 concilio
687 2405 867 2440 recitator
891 2413 948 2440 est
971 2419 1120 2454 praeco.
1147 2432 1193 2439 -—
1241 2418 1418 2453 Ceterum

100 2463 201 2497 conf.
228 2463 427 2498 Demosth.
454 2463 502 2498 de
526 2464 608 2499 fals.
641 2465 714 2515 leg.
742 2478 776 2513 p.
805 2478 883 2515 35¹·
909 2474 1001 2503 extr.

147 2548 207 2592 15)
233 2559 261 2582 s,
287 2560 319 2582 v.
345 2550 646 2594 Πρειχειρονονίιιι1

149 2631 204 2675 16)
230 2644 267 2678 p.
295 2643 374 2680 705·

1068 2702 1107 2741 H
1125 2716 1145 2742 2
