1706 3058
275 102 355 148 288

275 213 344 255 vel
375 223 644 268 quocunque
675 208 810 250 modo
842 207 1165 248 mutandorum
1200 207 1311 249 ratio
1350 206 1594 249 instituen-

274 287 327 326 da
358 294 490 329 esset,
532 282 586 321 de
612 279 682 321 his
712 281 838 321 rebus
878 291 1008 334 quem
1047 276 1184 319 alium
1225 276 1408 320 scivisse
1446 277 1595 320 credi-

273 356 362 398 bsse
393 365 481 400 eet,
522 349 613 392 nisi
644 352 885 407 populum,
928 347 1098 390 etiamsi
1132 348 1292 390 diserta
1323 350 1376 391 de
1405 348 1592 406 singulis

275 423 527 470 testimonia
569 435 660 464 non
700 421 907 462 exstant?
973 424 1040 462 De
1078 419 1258 461 tributis
1302 420 1483 477 quidem
1519 433 1594 461 ao-

271 500 445 541 ciorum
495 496 545 537 in
601 491 799 535 comitiis
859 501 1005 533 actum
1056 505 1146 532 esee
1198 507 1331 547 supra
1383 489 1594 532 vidimus.

272 567 443 627 Quidni
477 566 611 609 etiam
643 566 698 605 de
729 562 1038 619 vectigalibuS.
1082 564 1135 603 de
1174 561 1380 618 portoriis
1412 560 1596 618 aliisque

272 642 320 682 id
360 637 529 696 genus?
573 650 676 677 cum
716 633 972 690 praesertim
1006 635 1060 674 de
1098 649 1145 674 re
1184 633 1496 683 nummariam,
1541 633 1596 672 de

271 708 544 770 ponderibus
576 721 626 748 ac
656 705 941 756 1nensuris⁶),
973 705 1028 744 de
1057 705 1277 746 mercibus
1307 701 1596 758 imponandis

275 779 615 838 exportandisve
655 788 698 817 et
738 773 1053 827 vendendis⁷)‚
1097 775 1152 814 de
1190 773 1479 816 admittendis
1521 782 1597 814 aut

273 850 563 912 prohibendis
605 850 658 889 ab
701 846 952 889 Atticorum
993 857 1206 901 portuum
1245 844 1371 886 aditu
1402 842 1596 901 peregri-

271 925 410 980 nis⁸),
458 921 644 976 aiiisque
685 915 943 970 huJusmodi
981 918 1111 958 rebus
1148 919 1340 972 populus
1370 925 1595 958 statueret.

274 993 450 1054 Quodsi
481 996 640 1035 harum
677 1003 825 1031 rerum
865 986 1096 1029 arbitrium
1136 986 1316 1034 habuit,
1362 997 1597 1028 consenta-

272 1082 413 1109 neum
455 1075 544 1114 est,
591 1061 725 1105 etiam
764 1059 952 1115 reliquas
994 1059 1193 1110 ejusdem
1231 1059 1403 1114 generis
1442 1072 1597 1101 omnes

277 1139 330 1180 ad
371 1151 473 1179 eum
511 1131 794 1190 pertinuisse.

358 1209 426 1251 Ad
456 1208 642 1249 mulctas
671 1204 792 1259 quod
822 1200 1004 1250 attinet,
1036 1199 1379 1257 imponebantur
1410 1215 1485 1243 eae
1504 1214 1597 1242 non

276 1282 422 1325 solum
446 1294 470 1319 a
501 1275 679 1329 judiciis
709 1285 784 1315 aut
815 1288 839 1313 a
871 1275 1048 1320 Senatu,
1081 1273 1156 1313 sed
1188 1271 1324 1313 etiam
1354 1286 1378 1312 a
1408 1272 1595 1327 popu103

277 1348 640 1408 quandoquidem
669 1345 746 1387 hic
765 1358 946 1400 quoque
966 1357 1295 1398 nonnunquam
1323 1342 1372 1384 in
1401 1341 1598 1384 comitiis

278 1426 333 1466 de
375 1418 644 1466 criminibus
684 1415 925 1468 judicabat.
1001 1413 1186 1456 Remitti
1226 1424 1378 1456 autem
1414 1411 1599 1454 nonnisi

276 1511 301 1537 a
330 1493 497 1551 populo
527 1499 754 1546 poterant,
794 1501 940 1543 neque
971 1485 1098 1528 aliter
1130 1500 1180 1528 ea
1210 1486 1265 1527 de
1297 1499 1345 1527 re
1375 1482 1424 1525 in
1456 1484 1599 1526 comi-

276 1566 355 1609 tiis
386 1563 455 1622 agi
483 1563 666 1609 licebat,
708 1557 796 1600 nisi
835 1556 957 1614 prius
990 1556 1166 1599 civium
1195 1557 1313 1598 haud
1341 1554 1494 1598 minue
1524 1570 1600 1598 sex

276 1636 418 1681 millia
458 1632 640 1676 veniam
677 1641 810 1686 atque
860 1629 1176 1685 impunitatem
1224 1626 1363 1669 actori
1414 1626 1598 1669 occultis

277 1706 496 1764 suffragiis
526 1701 818 1753 scivissenv).
878 1699 1051 1756 Quodsi
1082 1699 1181 1756 quis
1214 1702 1379 1756 absque
1411 1702 1496 1742 hac
1518 1714 1600 1741 ve-

321 1873 358 1916 5)
384 1869 466 1904 vid.
494 1868 680 1913 Aristoph.
706 1868 800 1901 Rem.
828 1877 860 1898 v.
888 1875 966 1910 732.
1001 1864 1147 1898 Eccles.
1181 1877 1214 1897 v.
1249 1868 1326 1908 8¹5-
1384 1864 1598 1899 Athenaeus

274 1933 354 1970 XV.
382 1943 414 1965 c.
441 1943 474 1976 9.
502 1941 540 1975 p.
566 1934 644 1973 438.
672 1925 880 1971 Schweigh.
915 1926 963 1964 cf.
996 1924 1162 1959 Boeckh.
1191 1925 1240 1958 II.
1267 1936 1304 1969 p.
1334 1925 1410 1968 156.

322 2001 359 2042 6)
385 2000 468 2033 Huc
494 1998 662 2044 pertinet
683 1995 900 2041 Psephisma
923 2006 982 2041 ap.
1008 1993 1262 2036 Boeckhium,
1295 1993 1472 2039 Inscript.
1496 1992 1595 2028 xlx.

275 2061 366 2094 Tab.
393 2061 497 2093 VIII.

325 2131 359 2176 7)
384 2128 582 2163 Demosth.
610 2126 656 2161 de
680 2127 762 2160 fals
789 2126 862 2170 leg.
889 2137 924 2170 p.
950 2137 1029 2170 455.
1057 2125 1105 2159 cf.
1130 2122 1295 2159 Boeckh.
1331 2123 1360 2156 1.
1395 2133 1431 2167 p.
1457 2125 1518 2166 58⁷
1539 2130 1596 2166 59.

279 2189 470 2226 Obscurus
496 2195 554 2223 est
579 2187 834 2232 Aristophanis
859 2188 984 2231 locus,
1016 2187 1161 2221 Eccles.
1187 2198 1221 2219 v.
1252 2190 1330 2228 814.

496 2247 561 2286 οἰκ
587 2247 685 2285 οἶσθ’
707 2245 823 2290 ἐκεῖν’,
849 2245 873 2284 ὅ
888 2245 978 2291 ’δοξε
995 2247 1043 2284 τοί
1066 2252 1150 2293 περὶ
1170 2246 1244 2282 τῶν
1257 2241 1379 2285 «ἰλῶν,-

278 2311 503 2348 scholiastes
531 2310 683 2355 quidem
705 2310 759 2343 ita
784 2308 961 2354 explicat:
988 2306 1239 2355 Ἐψηφίσαντο
1269 2303 1337 2352 yolo
1361 2300 1492 2340 αὖτοιῗσ
1515 2299 1598 2339 onim·

277 2377 444 2417 νοτέρους
467 2372 582 2412 εἶναι,
609 2376 669 2406 καὶ
693 2371 738 2407 to*
762 2368 931 2415 ψήφισμα
955 2368 1090 2414 ἄκυρον
1121 2369 1251 2415 γόνονε.

322 2456 358 2497 8)
385 2453 552 2499 Thucyd.
583 2455 611 2487 Ι.
642 2465 716 2499 ¹39·
744 2452 930 2487 Plutarch.
959 2451 1091 2486 Pericl.
1119 2461 1200 2497 cap.
1235 2460 1291 2494 3⁰·
1319 2446 1473 2482 Diodor.
1507 2442 1592 2480 XII.
1661 2464 1666 2468 -
1692 2429 1706 2459 *¹

278 2528 359 2562 cap.
387 2527 442 2561 39.

323 2587 359 2630 9)
389 2585 507 2630 Ipsius
533 2584 626 2628 legis
651 2583 788 2625 verba,
814 2593 835 2615 e
859 2581 1055 2616 Demosth.
1076 2581 1156 2617 adv.
1172 2580 1335 2614 Timocr.
1353 2590 1389 2623 p.
1417 2588 1494 2622 714.
1514 2583 1592 2620 715-

276 2647 352 2689 jam
376 2656 506 2692 supra,
542 2656 621 2690 cap.
660 2645 744 2678 VII.
772 2642 1042 2687 adscripsimus.
