<?xml version="1.0" encoding="UTF-8"?>
<!DOCTYPE html PUBLIC "-//W3C//DTD XHTML 1.0 Transitional//EN"
    "http://www.w3.org/TR/xhtml1/DTD/xhtml1-transitional.dtd">
<html xmlns="http://www.w3.org/1999/xhtml" xml:lang="en" lang="en">
 <head>
  <title>
</title>
<meta http-equiv="Content-Type" content="text/html;charset=utf-8" />
  <meta name='ocr-system' content='tesseract 3.04.00' />
  <meta name='ocr-capabilities' content='ocr_page ocr_carea ocr_par ocr_line ocrx_word'/>
</head>
<body>
  <div class='ocr_page' id='page_1' title='image "./decomitiisatheni00sch_0205.png"; bbox 0 0 1706 3058; ppageno 0'>
   <div class='ocr_carea' id='block_1_1' title="bbox 1334 124 1416 181">
    <p class='ocr_par' dir='ltr' id='par_1_1' title="bbox 1334 124 1416 181">
     <span class='ocr_line' id='line_1_1' title="bbox 1334 124 1416 181; baseline 0.024 -2"><span class='ocrx_word' id='word_1_1' title='bbox 1334 124 1416 181; x_wconf 60' lang='lat'>4⁶3</span> 
     </span>
    </p>
   </div>
   <div class='ocr_carea' id='block_1_2' title="bbox 82 229 1433 2506">
    <p class='ocr_par' dir='ltr' id='par_1_2' title="bbox 82 229 1433 2506">
     <span class='ocr_line' id='line_1_2' title="bbox 84 229 1416 289; baseline -0.006 -11"><span class='ocrx_word' id='word_1_2' title='bbox 84 239 167 289; x_wconf 77' lang='lat' dir='ltr'>bus</span> <span class='ocrx_word' id='word_1_3' title='bbox 187 231 494 277; x_wconf 84' lang='lat' dir='ltr'>calumniandi</span> <span class='ocrx_word' id='word_1_4' title='bbox 514 241 558 274; x_wconf 85' lang='lat' dir='ltr'>et</span> <span class='ocrx_word' id='word_1_5' title='bbox 579 231 788 274; x_wconf 81' lang='lat' dir='ltr'>turbandi</span> <span class='ocrx_word' id='word_1_6' title='bbox 820 229 1086 274; x_wconf 81' lang='lat' dir='ltr'>subsidium.</span> <span class='ocrx_word' id='word_1_7' title='bbox 1142 231 1229 272; x_wconf 85' lang='lat' dir='ltr'>Sed</span> <span class='ocrx_word' id='word_1_8' title='bbox 1259 230 1416 289; x_wconf 62' lang='lat' dir='ltr'>PYQXi?</span> 
     </span>
     <span class='ocr_line' id='line_1_3' title="bbox 82 293 1417 362; baseline -0.006 -13"><span class='ocrx_word' id='word_1_9' title='bbox 82 293 166 360; x_wconf 62' lang='lat' dir='ltr'>inis</span> <span class='ocrx_word' id='word_1_10' title='bbox 197 317 299 362; x_wconf 80' lang='lat' dir='ltr'>post</span> <span class='ocrx_word' id='word_1_11' title='bbox 324 307 534 348; x_wconf 87' lang='lat' dir='ltr'>Solonem</span> <span class='ocrx_word' id='word_1_12' title='bbox 568 302 868 358; x_wconf 77' lang='lat' dir='ltr'><strong>temporibus,</strong></span> <span class='ocrx_word' id='word_1_13' title='bbox 910 302 1092 357; x_wconf 84' lang='lat' dir='ltr'>vigente</span> <span class='ocrx_word' id='word_1_14' title='bbox 1124 303 1269 343; x_wconf 83' lang='lat' dir='ltr'>adhuc</span> <span class='ocrx_word' id='word_1_15' title='bbox 1297 301 1417 342; x_wconf 69' lang='lat' dir='ltr'>anti-</span> 
     </span>
     <span class='ocr_line' id='line_1_4' title="bbox 83 373 1419 437; baseline -0.004 -18"><span class='ocrx_word' id='word_1_16' title='bbox 83 392 170 437; x_wconf 68' lang='lat' dir='ltr'>qua</span> <span class='ocrx_word' id='word_1_17' title='bbox 201 376 275 419; x_wconf 86' lang='lat' dir='ltr'>illa</span> <span class='ocrx_word' id='word_1_18' title='bbox 306 388 350 419; x_wconf 89' lang='lat' dir='ltr'>et</span> <span class='ocrx_word' id='word_1_19' title='bbox 376 373 556 417; x_wconf 76' lang='lat' dir='ltr'>salutari</span> <span class='ocrx_word' id='word_1_20' title='bbox 588 374 784 416; x_wconf 86' lang='lat' dir='ltr'>civitatis</span> <span class='ocrx_word' id='word_1_21' title='bbox 819 373 1081 429; x_wconf 75' lang='lat' dir='ltr'>disciplina,</span> <span class='ocrx_word' id='word_1_22' title='bbox 1130 388 1235 426; x_wconf 82' lang='lat' dir='ltr'>cum</span> <span class='ocrx_word' id='word_1_23' title='bbox 1273 388 1419 430; x_wconf 81' lang='lat' dir='ltr'>neque</span> 
     </span>
     <span class='ocr_line' id='line_1_5' title="bbox 84 444 1419 502; baseline -0.003 -12"><span class='ocrx_word' id='word_1_24' title='bbox 84 449 134 490; x_wconf 88' lang='lat' dir='ltr'>in</span> <span class='ocrx_word' id='word_1_25' title='bbox 170 447 367 490; x_wconf 77' lang='lat' dir='ltr'>comitiis</span> <span class='ocrx_word' id='word_1_26' title='bbox 394 461 537 502; x_wconf 89' lang='lat' dir='ltr'>neque</span> <span class='ocrx_word' id='word_1_27' title='bbox 567 444 615 486; x_wconf 88' lang='lat' dir='ltr'>in</span> <span class='ocrx_word' id='word_1_28' title='bbox 648 445 832 498; x_wconf 87' lang='lat' dir='ltr'>judiciis</span> <span class='ocrx_word' id='word_1_29' title='bbox 870 460 1031 500; x_wconf 76' lang='lat' dir='ltr'>egenae</span> <span class='ocrx_word' id='word_1_30' title='bbox 1068 455 1111 485; x_wconf 91' lang='lat' dir='ltr'>et</span> <span class='ocrx_word' id='word_1_31' title='bbox 1135 445 1248 486; x_wconf 87' lang='lat' dir='ltr'>levis</span> <span class='ocrx_word' id='word_1_32' title='bbox 1280 444 1419 502; x_wconf 82' lang='lat' dir='ltr'>impe-</span> 
     </span>
     <span class='ocr_line' id='line_1_6' title="bbox 83 516 1419 576; baseline -0.004 -13"><span class='ocrx_word' id='word_1_33' title='bbox 83 520 285 576; x_wconf 75' lang='lat' dir='ltr'>ritaeque</span> <span class='ocrx_word' id='word_1_34' title='bbox 318 516 624 570; x_wconf 83' lang='lat' dir='ltr'><strong>multitudinis</strong></span> <span class='ocrx_word' id='word_1_35' title='bbox 664 517 888 570; x_wconf 80' lang='lat' dir='ltr'>temeritas</span> <span class='ocrx_word' id='word_1_36' title='bbox 927 517 1220 572; x_wconf 81' lang='lat' dir='ltr'><strong>praevaleret,</strong></span> <span class='ocrx_word' id='word_1_37' title='bbox 1273 527 1316 557; x_wconf 85' lang='lat' dir='ltr'>et</span> <span class='ocrx_word' id='word_1_38' title='bbox 1346 532 1419 557; x_wconf 86' lang='lat' dir='ltr'>ra-</span> 
     </span>
     <span class='ocr_line' id='line_1_7' title="bbox 83 587 1422 647; baseline -0.003 -15"><span class='ocrx_word' id='word_1_39' title='bbox 83 592 175 634; x_wconf 79' lang='lat' dir='ltr'>rius</span> <span class='ocrx_word' id='word_1_40' title='bbox 211 604 325 647; x_wconf 85' lang='lat' dir='ltr'>opus</span> <span class='ocrx_word' id='word_1_41' title='bbox 359 601 451 634; x_wconf 86' lang='lat' dir='ltr'>crat</span> <span class='ocrx_word' id='word_1_42' title='bbox 482 587 706 645; x_wconf 84' lang='lat' dir='ltr'>ejusmodi</span> <span class='ocrx_word' id='word_1_43' title='bbox 740 588 1003 629; x_wconf 82' lang='lat' dir='ltr'>delictorum</span> <span class='ocrx_word' id='word_1_44' title='bbox 1039 587 1345 640; x_wconf 79' lang='lat' dir='ltr'>accusatione,</span> <span class='ocrx_word' id='word_1_45' title='bbox 1377 597 1422 640; x_wconf 79' lang='lat' dir='ltr'>et</span> 
     </span>
     <span class='ocr_line' id='line_1_8' title="bbox 84 658 1421 716; baseline -0.004 -11"><span class='ocrx_word' id='word_1_46' title='bbox 84 661 281 713; x_wconf 69' lang='lat' dir='ltr'>severius</span> <span class='ocrx_word' id='word_1_47' title='bbox 317 660 572 716; x_wconf 80' lang='lat' dir='ltr'>iusti-usque</span> <span class='ocrx_word' id='word_1_48' title='bbox 605 658 653 699; x_wconf 86' lang='lat' dir='ltr'>in</span> <span class='ocrx_word' id='word_1_49' title='bbox 685 659 857 713; x_wconf 68' lang='lat' dir='ltr'>judicio</span> <span class='ocrx_word' id='word_1_50' title='bbox 893 663 945 701; x_wconf 71' lang='lat' dir='ltr'>(le</span> <span class='ocrx_word' id='word_1_51' title='bbox 972 659 1026 700; x_wconf 84' lang='lat' dir='ltr'>iis</span> <span class='ocrx_word' id='word_1_52' title='bbox 1059 661 1421 715; x_wconf 67' lang='lat' dir='ltr'>cognoscebatur,</span> 
     </span>
     <span class='ocr_line' id='line_1_9' title="bbox 85 730 1420 791; baseline -0.003 -16"><span class='ocrx_word' id='word_1_53' title='bbox 85 743 128 775; x_wconf 88' lang='lat' dir='ltr'>et</span> <span class='ocrx_word' id='word_1_54' title='bbox 157 731 312 776; x_wconf 85' lang='lat' dir='ltr'>minor</span> <span class='ocrx_word' id='word_1_55' title='bbox 342 743 434 785; x_wconf 71' lang='lat' dir='ltr'>erat</span> <span class='ocrx_word' id='word_1_56' title='bbox 462 746 540 791; x_wconf 88' lang='lat' dir='ltr'>per</span> <span class='ocrx_word' id='word_1_57' title='bbox 571 731 774 785; x_wconf 85' lang='lat' dir='ltr'>fraudem</span> <span class='ocrx_word' id='word_1_58' title='bbox 806 731 1115 787; x_wconf 73' lang='lat' dir='ltr'>malitiamque</span> <span class='ocrx_word' id='word_1_59' title='bbox 1146 730 1339 772; x_wconf 82' lang='lat' dir='ltr'>nocendi</span> <span class='ocrx_word' id='word_1_60' title='bbox 1363 731 1420 771; x_wconf 75' lang='lat' dir='ltr'>fa—</span> 
     </span>
     <span class='ocr_line' id='line_1_10' title="bbox 84 802 1421 861; baseline -0.001 -15"><span class='ocrx_word' id='word_1_61' title='bbox 84 805 237 861; x_wconf 69' lang='lat' dir='ltr'>cultas.</span> <span class='ocrx_word' id='word_1_62' title='bbox 296 806 401 846; x_wconf 81' lang='lat' dir='ltr'>Post</span> <span class='ocrx_word' id='word_1_63' title='bbox 440 814 611 857; x_wconf 85' lang='lat' dir='ltr'>autem,</span> <span class='ocrx_word' id='word_1_64' title='bbox 659 803 880 858; x_wconf 79' lang='lat' dir='ltr'><strong>corruptis</strong></span> <span class='ocrx_word' id='word_1_65' title='bbox 920 802 1149 859; x_wconf 79' lang='lat' dir='ltr'>paullatim</span> <span class='ocrx_word' id='word_1_66' title='bbox 1189 802 1313 844; x_wconf 87' lang='lat' dir='ltr'>illius</span> <span class='ocrx_word' id='word_1_67' title='bbox 1347 818 1421 844; x_wconf 77' lang='lat' dir='ltr'>sa-</span> 
     </span>
     <span class='ocr_line' id='line_1_11' title="bbox 84 873 1423 934; baseline -0.001 -18"><span class='ocrx_word' id='word_1_68' title='bbox 84 873 360 932; x_wconf 77' lang='lat' dir='ltr'>pientissimi</span> <span class='ocrx_word' id='word_1_69' title='bbox 391 873 480 914; x_wconf 87' lang='lat' dir='ltr'>viri</span> <span class='ocrx_word' id='word_1_70' title='bbox 513 873 757 925; x_wconf 74' lang='lat' dir='ltr'>institutis,</span> <span class='ocrx_word' id='word_1_71' title='bbox 802 889 906 934; x_wconf 82' lang='lat' dir='ltr'>cum</span> <span class='ocrx_word' id='word_1_72' title='bbox 938 874 1082 930; x_wconf 83' lang='lat' dir='ltr'>pretio</span> <span class='ocrx_word' id='word_1_73' title='bbox 1114 874 1343 929; x_wconf 81' lang='lat' dir='ltr'>proposito</span> <span class='ocrx_word' id='word_1_74' title='bbox 1378 886 1423 915; x_wconf 86' lang='lat' dir='ltr'>et</span> 
     </span>
     <span class='ocr_line' id='line_1_12' title="bbox 85 930 1421 1002; baseline -0.002 -14"><span class='ocrx_word' id='word_1_75' title='bbox 85 948 141 988; x_wconf 81' lang='lat' dir='ltr'>ad</span> <span class='ocrx_word' id='word_1_76' title='bbox 182 945 370 988; x_wconf 88' lang='lat' dir='ltr'>comitia</span> <span class='ocrx_word' id='word_1_77' title='bbox 411 947 734 1002; x_wconf 84' lang='lat' dir='ltr'>frequentanda</span> <span class='ocrx_word' id='word_1_78' title='bbox 774 956 816 987; x_wconf 85' lang='lat' dir='ltr'>et</span> <span class='ocrx_word' id='word_1_79' title='bbox 859 948 913 987; x_wconf 87' lang='lat' dir='ltr'>ad</span> <span class='ocrx_word' id='word_1_80' title='bbox 955 944 1183 998; x_wconf 79' lang='lat' dir='ltr'>J&#39;udicandi</span> <span class='ocrx_word' id='word_1_81' title='bbox 1217 930 1421 989; x_wconf 71' lang='lat' dir='ltr'>officiani</span> 
     </span>
     <span class='ocr_line' id='line_1_13' title="bbox 85 1004 1422 1076; baseline -0.001 -16"><span class='ocrx_word' id='word_1_82' title='bbox 85 1004 429 1076; x_wconf 54' lang='lat' dir='ltr'>{suscipiendum</span> <span class='ocrx_word' id='word_1_83' title='bbox 472 1015 785 1072; x_wconf 82' lang='lat' dir='ltr'>egentissimus</span> <span class='ocrx_word' id='word_1_84' title='bbox 824 1015 1012 1072; x_wconf 80' lang='lat' dir='ltr'>quisque</span> <span class='ocrx_word' id='word_1_85' title='bbox 1053 1014 1243 1056; x_wconf 85' lang='lat' dir='ltr'>maxime</span> <span class='ocrx_word' id='word_1_86' title='bbox 1275 1016 1422 1059; x_wconf 87' lang='lat' dir='ltr'>allice—</span> 
     </span>
     <span class='ocr_line' id='line_1_14' title="bbox 86 1086 1422 1145; baseline -0.001 -14"><span class='ocrx_word' id='word_1_87' title='bbox 86 1100 228 1143; x_wconf 72' lang='lat' dir='ltr'>retur,</span> <span class='ocrx_word' id='word_1_88' title='bbox 262 1104 285 1129; x_wconf 91' lang='lat' dir='ltr'>e</span> <span class='ocrx_word' id='word_1_89' title='bbox 315 1087 500 1145; x_wconf 86' lang='lat' dir='ltr'>publico</span> <span class='ocrx_word' id='word_1_90' title='bbox 533 1086 735 1137; x_wconf 76' lang='lat' dir='ltr'>civitatis</span> <span class='ocrx_word' id='word_1_91' title='bbox 769 1086 958 1145; x_wconf 78' lang='lat' dir='ltr'>consilio</span> <span class='ocrx_word' id='word_1_92' title='bbox 992 1086 1256 1142; x_wconf 85' lang='lat' dir='ltr'>prudentia,</span> <span class='ocrx_word' id='word_1_93' title='bbox 1298 1102 1321 1128; x_wconf 89' lang='lat' dir='ltr'>e</span> <span class='ocrx_word' id='word_1_94' title='bbox 1347 1092 1422 1141; x_wconf 85' lang='lat' dir='ltr'>ju-</span> 
     </span>
     <span class='ocr_line' id='line_1_15' title="bbox 88 1157 1424 1217; baseline -0.001 -15"><span class='ocrx_word' id='word_1_95' title='bbox 88 1160 220 1217; x_wconf 72' lang='lat' dir='ltr'>diciis</span> <span class='ocrx_word' id='word_1_96' title='bbox 252 1159 463 1202; x_wconf 82' lang='lat' dir='ltr'>severitas</span> <span class='ocrx_word' id='word_1_97' title='bbox 495 1170 626 1215; x_wconf 87' lang='lat' dir='ltr'>atque</span> <span class='ocrx_word' id='word_1_98' title='bbox 655 1157 815 1214; x_wconf 85' lang='lat' dir='ltr'>religio</span> <span class='ocrx_word' id='word_1_99' title='bbox 847 1157 1072 1215; x_wconf 80' lang='lat' dir='ltr'>magisque</span> <span class='ocrx_word' id='word_1_100' title='bbox 1103 1157 1224 1201; x_wconf 83' lang='lat' dir='ltr'>abire</span> <span class='ocrx_word' id='word_1_101' title='bbox 1254 1160 1424 1216; x_wconf 82' lang='lat' dir='ltr'>coepis-</span> 
     </span>
     <span class='ocr_line' id='line_1_16' title="bbox 86 1227 1424 1288; baseline 0 -14"><span class='ocrx_word' id='word_1_102' title='bbox 86 1227 209 1286; x_wconf 72' lang='grc' dir='ltr'><strong>Ξεηῐ,</strong></span> <span class='ocrx_word' id='word_1_103' title='bbox 261 1234 380 1288; x_wconf 85' lang='lat' dir='ltr'>apud</span> <span class='ocrx_word' id='word_1_104' title='bbox 432 1232 564 1274; x_wconf 77' lang='lat' dir='ltr'>rudes</span> <span class='ocrx_word' id='word_1_105' title='bbox 615 1229 941 1286; x_wconf 86' lang='lat' dir='ltr'>imperitosque</span> <span class='ocrx_word' id='word_1_106' title='bbox 991 1228 1220 1280; x_wconf 87' lang='lat' dir='ltr'>homines,</span> <span class='ocrx_word' id='word_1_107' title='bbox 1272 1236 1424 1288; x_wconf 76' lang='lat' dir='ltr'>quales</span> 
     </span>
     <span class='ocr_line' id='line_1_17' title="bbox 86 1300 1425 1361; baseline -0.003 -14"><span class='ocrx_word' id='word_1_108' title='bbox 86 1315 212 1361; x_wconf 73' lang='lat' dir='ltr'>erant</span> <span class='ocrx_word' id='word_1_109' title='bbox 241 1301 446 1361; x_wconf 84' lang='lat' dir='ltr'>plerique</span> <span class='ocrx_word' id='word_1_110' title='bbox 486 1301 712 1344; x_wconf 81' lang='lat' dir='ltr'>Heliastae</span> <span class='ocrx_word' id='word_1_111' title='bbox 753 1312 798 1347; x_wconf 84' lang='lat' dir='ltr'>et</span> <span class='ocrx_word' id='word_1_112' title='bbox 829 1300 1143 1350; x_wconf 76' lang='lat' dir='ltr'>Ecclesiasme‚</span> <span class='ocrx_word' id='word_1_113' title='bbox 1189 1317 1425 1360; x_wconf 76' lang='lat' dir='ltr'>regnarent</span> 
     </span>
     <span class='ocr_line' id='line_1_18' title="bbox 87 1372 1426 1436; baseline -0.003 -16"><span class='ocrx_word' id='word_1_114' title='bbox 87 1388 283 1436; x_wconf 63' lang='lat' dir='ltr'>oratores</span> <span class='ocrx_word' id='word_1_115' title='bbox 315 1373 519 1416; x_wconf 88' lang='lat' dir='ltr'>seditiosi</span> <span class='ocrx_word' id='word_1_116' title='bbox 559 1385 604 1416; x_wconf 90' lang='lat' dir='ltr'>et</span> <span class='ocrx_word' id='word_1_117' title='bbox 632 1376 840 1422; x_wconf 85' lang='lat' dir='ltr'>venales,</span> <span class='ocrx_word' id='word_1_118' title='bbox 883 1372 1044 1429; x_wconf 78' lang='lat' dir='ltr'>suique</span> <span class='ocrx_word' id='word_1_119' title='bbox 1087 1389 1222 1429; x_wconf 79' lang='lat' dir='ltr'>quam</span> <span class='ocrx_word' id='word_1_120' title='bbox 1253 1375 1426 1430; x_wconf 82' lang='lat' dir='ltr'>publici</span> 
     </span>
     <span class='ocr_line' id='line_1_19' title="bbox 87 1436 1423 1504; baseline -0.002 -14"><span class='ocrx_word' id='word_1_121' title='bbox 87 1436 201 1501; x_wconf 79' lang='lat' dir='ltr'>boni</span> <span class='ocrx_word' id='word_1_122' title='bbox 231 1444 553 1496; x_wconf 83' lang='lat' dir='ltr'>studiosiores;</span> <span class='ocrx_word' id='word_1_123' title='bbox 586 1457 695 1486; x_wconf 83' lang='lat' dir='ltr'>tunc</span> <span class='ocrx_word' id='word_1_124' title='bbox 727 1444 998 1504; x_wconf 74' lang='lat' dir='ltr'>immensum</span> <span class='ocrx_word' id='word_1_125' title='bbox 1029 1444 1077 1499; x_wconf 80' lang='lat' dir='ltr'>in</span> <span class='ocrx_word' id='word_1_126' title='bbox 1108 1447 1297 1495; x_wconf 75' lang='lat' dir='ltr'>modum</span> <span class='ocrx_word' id='word_1_127' title='bbox 1328 1460 1423 1488; x_wconf 78' lang='lat' dir='ltr'>crc-</span> 
     </span>
     <span class='ocr_line' id='line_1_20' title="bbox 88 1516 1422 1576; baseline 0.001 -17"><span class='ocrx_word' id='word_1_128' title='bbox 88 1518 158 1560; x_wconf 88' lang='lat' dir='ltr'>vit</span> <span class='ocrx_word' id='word_1_129' title='bbox 188 1518 375 1571; x_wconf 74' lang='lat' dir='ltr'>istarum</span> <span class='ocrx_word' id='word_1_130' title='bbox 406 1516 744 1576; x_wconf 65' lang='lat' dir='ltr'>‚accusationum</span> <span class='ocrx_word' id='word_1_131' title='bbox 763 1531 992 1565; x_wconf 74' lang='lat' dir='ltr'>numerus,</span> <span class='ocrx_word' id='word_1_132' title='bbox 1026 1518 1152 1569; x_wconf 83' lang='lat' dir='ltr'>adeo,</span> <span class='ocrx_word' id='word_1_133' title='bbox 1182 1528 1234 1560; x_wconf 90' lang='lat' dir='ltr'>ut</span> <span class='ocrx_word' id='word_1_134' title='bbox 1265 1531 1422 1567; x_wconf 75' lang='lat' dir='ltr'>essent,</span> 
     </span>
     <span class='ocr_line' id='line_1_21' title="bbox 92 1576 1425 1648; baseline 0.002 -18"><span class='ocrx_word' id='word_1_135' title='bbox 92 1588 170 1648; x_wconf 76' lang='lat' dir='ltr'>qui</span> <span class='ocrx_word' id='word_1_136' title='bbox 203 1590 300 1645; x_wconf 82' lang='lat' dir='ltr'>plus</span> <span class='ocrx_word' id='word_1_137' title='bbox 339 1586 558 1643; x_wconf 68' lang='lat' dir='ltr'>septagies</span> <span class='ocrx_word' id='word_1_138' title='bbox 600 1587 850 1644; x_wconf 75' lang='grc' dir='ltr'><strong><em>παρανόμων</em></strong></span> <span class='ocrx_word' id='word_1_139' title='bbox 902 1576 1425 1640; x_wconf 59' lang='grc' dir='ltr'>Ῐιιάἰοίυῑήειὼίἰεεεηῐ,</span> 
     </span>
     <span class='ocr_line' id='line_1_22' title="bbox 91 1657 1425 1717; baseline -0.001 -14"><span class='ocrx_word' id='word_1_140' title='bbox 91 1672 136 1704; x_wconf 88' lang='lat' dir='ltr'>et</span> <span class='ocrx_word' id='word_1_141' title='bbox 166 1658 460 1710; x_wconf 83' lang='lat' dir='ltr'>memorabile</span> <span class='ocrx_word' id='word_1_142' title='bbox 491 1669 623 1714; x_wconf 81' lang='lat' dir='ltr'>atque</span> <span class='ocrx_word' id='word_1_143' title='bbox 657 1657 843 1700; x_wconf 86' lang='lat' dir='ltr'>unicum</span> <span class='ocrx_word' id='word_1_144' title='bbox 874 1657 1206 1713; x_wconf 80' lang='lat' dir='ltr'>praedicaretur</span> <span class='ocrx_word' id='word_1_145' title='bbox 1238 1662 1425 1717; x_wconf 78' lang='lat' dir='ltr'>Cephali</span> 
     </span>
     <span class='ocr_line' id='line_1_23' title="bbox 92 1720 1427 1795; baseline -0.003 -21"><span class='ocrx_word' id='word_1_146' title='bbox 92 1720 370 1795; x_wconf 50' lang='lat' dir='ltr'>exemplum?</span> <span class='ocrx_word' id='word_1_147' title='bbox 413 1729 516 1786; x_wconf 81' lang='lat' dir='ltr'>qui,</span> <span class='ocrx_word' id='word_1_148' title='bbox 558 1744 660 1790; x_wconf 70' lang='lat' dir='ltr'>curn</span> <span class='ocrx_word' id='word_1_149' title='bbox 690 1729 942 1786; x_wconf 88' lang='lat' dir='ltr'>plurimum</span> <span class='ocrx_word' id='word_1_150' title='bbox 983 1728 1033 1784; x_wconf 80' lang='lat' dir='ltr'>in</span> <span class='ocrx_word' id='word_1_151' title='bbox 1065 1730 1293 1786; x_wconf 84' lang='lat' dir='ltr'>republica</span> <span class='ocrx_word' id='word_1_152' title='bbox 1323 1750 1427 1775; x_wconf 72' lang='lat' dir='ltr'>ver-</span> 
     </span>
     <span class='ocr_line' id='line_1_24' title="bbox 91 1800 1428 1858; baseline 0.001 -13"><span class='ocrx_word' id='word_1_153' title='bbox 91 1814 211 1848; x_wconf 75' lang='lat' dir='ltr'>satus</span> <span class='ocrx_word' id='word_1_154' title='bbox 253 1812 387 1855; x_wconf 82' lang='lat' dir='ltr'>esset,</span> <span class='ocrx_word' id='word_1_155' title='bbox 427 1803 656 1857; x_wconf 82' lang='lat' dir='ltr'>multaque</span> <span class='ocrx_word' id='word_1_156' title='bbox 693 1800 1000 1858; x_wconf 81' lang='lat' dir='ltr'>Psephismata</span> <span class='ocrx_word' id='word_1_157' title='bbox 1040 1814 1259 1857; x_wconf 80' lang='lat' dir='ltr'>rogasset,</span> <span class='ocrx_word' id='word_1_158' title='bbox 1303 1820 1428 1848; x_wconf 87' lang='lat' dir='ltr'>nun-</span> 
     </span>
     <span class='ocr_line' id='line_1_25' title="bbox 91 1871 1430 1935; baseline -0.001 -20"><span class='ocrx_word' id='word_1_159' title='bbox 91 1888 224 1935; x_wconf 82' lang='lat' dir='ltr'>quam</span> <span class='ocrx_word' id='word_1_160' title='bbox 256 1882 347 1913; x_wconf 85' lang='lat' dir='ltr'>erat</span> <span class='ocrx_word' id='word_1_161' title='bbox 378 1887 430 1915; x_wconf 90' lang='lat' dir='ltr'>eo</span> <span class='ocrx_word' id='word_1_162' title='bbox 461 1872 646 1914; x_wconf 85' lang='lat' dir='ltr'>nomine</span> <span class='ocrx_word' id='word_1_163' title='bbox 676 1871 725 1922; x_wconf 67' lang='lat' dir='ltr'>in3</span> <span class='ocrx_word' id='word_1_164' title='bbox 767 1871 992 1925; x_wconf 86' lang='lat' dir='ltr'>judicium</span> <span class='ocrx_word' id='word_1_165' title='bbox 1033 1888 1056 1915; x_wconf 91' lang='lat' dir='ltr'>a</span> <span class='ocrx_word' id='word_1_166' title='bbox 1087 1889 1310 1931; x_wconf 83' lang='lat' dir='ltr'>quoquam</span> <span class='ocrx_word' id='word_1_167' title='bbox 1343 1894 1430 1922; x_wconf 64' lang='lat' dir='ltr'>vo,</span> 
     </span>
     <span class='ocr_line' id='line_1_26' title="bbox 93 1942 1429 2000; baseline 0.004 -15"><span class='ocrx_word' id='word_1_168' title='bbox 93 1948 298 1995; x_wconf 81' lang='lat' dir='ltr'>catus²⁷).</span> <span class='ocrx_word' id='word_1_169' title='bbox 368 1942 550 1985; x_wconf 82' lang='lat' dir='ltr'>Accidit</span> <span class='ocrx_word' id='word_1_170' title='bbox 590 1954 740 1986; x_wconf 86' lang='lat' dir='ltr'>autem</span> <span class='ocrx_word' id='word_1_171' title='bbox 785 1943 835 1994; x_wconf 77' lang='lat' dir='ltr'>id</span> <span class='ocrx_word' id='word_1_172' title='bbox 876 1945 998 2000; x_wconf 85' lang='lat' dir='ltr'>quod</span> <span class='ocrx_word' id='word_1_173' title='bbox 1037 1944 1086 1986; x_wconf 85' lang='lat' dir='ltr'>in</span> <span class='ocrx_word' id='word_1_174' title='bbox 1127 1946 1204 1987; x_wconf 82' lang='lat' dir='ltr'>tali</span> <span class='ocrx_word' id='word_1_175' title='bbox 1247 1948 1429 1993; x_wconf 79' lang='lat' dir='ltr'>civitate</span> 
     </span>
     <span class='ocr_line' id='line_1_27' title="bbox 93 2004 1430 2080; baseline 0.004 -23"><span class='ocrx_word' id='word_1_176' title='bbox 93 2004 298 2080; x_wconf 68' lang='lat' dir='ltr'>accidere</span> <span class='ocrx_word' id='word_1_177' title='bbox 324 2006 649 2062; x_wconf 84' lang='lat' dir='ltr'>necesseerat,</span> <span class='ocrx_word' id='word_1_178' title='bbox 693 2024 745 2059; x_wconf 85' lang='lat' dir='ltr'>ut</span> <span class='ocrx_word' id='word_1_179' title='bbox 775 2011 888 2060; x_wconf 85' lang='lat' dir='ltr'>illud</span> <span class='ocrx_word' id='word_1_180' title='bbox 920 2015 1092 2072; x_wconf 86' lang='lat' dir='ltr'>ipsum,</span> <span class='ocrx_word' id='word_1_181' title='bbox 1137 2021 1259 2074; x_wconf 87' lang='lat' dir='ltr'>quod</span> <span class='ocrx_word' id='word_1_182' title='bbox 1290 2020 1430 2063; x_wconf 85' lang='lat' dir='ltr'>insti—</span> 
     </span>
     <span class='ocr_line' id='line_1_28' title="bbox 95 2084 1429 2141; baseline 0.005 -14"><span class='ocrx_word' id='word_1_183' title='bbox 95 2097 248 2128; x_wconf 86' lang='lat' dir='ltr'>tutum</span> <span class='ocrx_word' id='word_1_184' title='bbox 282 2095 374 2126; x_wconf 84' lang='lat' dir='ltr'>erat</span> <span class='ocrx_word' id='word_1_185' title='bbox 404 2099 427 2125; x_wconf 86' lang='lat' dir='ltr'>a</span> <span class='ocrx_word' id='word_1_186' title='bbox 457 2084 711 2141; x_wconf 70' lang='lat' dir='ltr'>legislatore</span> <span class='ocrx_word' id='word_1_187' title='bbox 741 2096 785 2126; x_wconf 90' lang='lat' dir='ltr'>et</span> <span class='ocrx_word' id='word_1_188' title='bbox 815 2086 1104 2130; x_wconf 82' lang='lat' dir='ltr'>adhibebatur</span> <span class='ocrx_word' id='word_1_189' title='bbox 1136 2105 1159 2141; x_wconf 81' lang='lat' dir='ltr'>a</span> <span class='ocrx_word' id='word_1_190' title='bbox 1190 2091 1322 2133; x_wconf 84' lang='lat' dir='ltr'>bonis</span> <span class='ocrx_word' id='word_1_191' title='bbox 1353 2094 1429 2134; x_wconf 72' lang='lat' dir='ltr'>vi-</span> 
     </span>
     <span class='ocr_line' id='line_1_29' title="bbox 95 2155 1429 2216; baseline 0.007 -19"><span class='ocrx_word' id='word_1_192' title='bbox 95 2156 155 2199; x_wconf 79' lang='lat' dir='ltr'>ris</span> <span class='ocrx_word' id='word_1_193' title='bbox 186 2158 240 2197; x_wconf 86' lang='lat' dir='ltr'>ad</span> <span class='ocrx_word' id='word_1_194' title='bbox 270 2155 578 2212; x_wconf 82' lang='lat' dir='ltr'>reprimendos</span> <span class='ocrx_word' id='word_1_195' title='bbox 612 2157 944 2215; x_wconf 82' lang='lat' dir='ltr'>eludendosque</span> <span class='ocrx_word' id='word_1_196' title='bbox 974 2160 1251 2216; x_wconf 82' lang='lat' dir='ltr'>perditorum</span> <span class='ocrx_word' id='word_1_197' title='bbox 1283 2166 1429 2207; x_wconf 89' lang='lat' dir='ltr'>homi-</span> 
     </span>
     <span class='ocr_line' id='line_1_30' title="bbox 95 2227 1430 2288; baseline 0.01 -20"><span class='ocrx_word' id='word_1_198' title='bbox 95 2243 210 2285; x_wconf 76' lang='lat' dir='ltr'>num</span> <span class='ocrx_word' id='word_1_199' title='bbox 241 2239 441 2276; x_wconf 88' lang='lat' dir='ltr'>conatus,</span> <span class='ocrx_word' id='word_1_200' title='bbox 475 2229 595 2282; x_wconf 82' lang='lat' dir='ltr'>haud</span> <span class='ocrx_word' id='word_1_201' title='bbox 618 2227 761 2270; x_wconf 80' lang='lat' dir='ltr'>rarius</span> <span class='ocrx_word' id='word_1_202' title='bbox 793 2231 845 2271; x_wconf 86' lang='lat' dir='ltr'>ab</span> <span class='ocrx_word' id='word_1_203' title='bbox 879 2229 1099 2288; x_wconf 77' lang='lat' dir='ltr'>improbis</span> <span class='ocrx_word' id='word_1_204' title='bbox 1131 2233 1180 2275; x_wconf 84' lang='lat' dir='ltr'>iu</span> <span class='ocrx_word' id='word_1_205' title='bbox 1204 2236 1430 2281; x_wconf 86' lang='lat' dir='ltr'>bonorum</span> 
     </span>
     <span class='ocr_line' id='line_1_31' title="bbox 96 2298 1431 2365; baseline 0.009 -27"><span class='ocrx_word' id='word_1_206' title='bbox 96 2300 264 2348; x_wconf 84' lang='lat' dir='ltr'>malum</span> <span class='ocrx_word' id='word_1_207' title='bbox 299 2310 430 2354; x_wconf 87' lang='lat' dir='ltr'>atque</span> <span class='ocrx_word' id='word_1_208' title='bbox 460 2298 706 2354; x_wconf 85' lang='lat' dir='ltr'>perniciem</span> <span class='ocrx_word' id='word_1_209' title='bbox 740 2308 1152 2358; x_wconf 73' lang='lat' dir='ltr'>converteretur²³).</span> <span class='ocrx_word' id='word_1_210' title='bbox 1213 2310 1278 2351; x_wconf 81' lang='lat' dir='ltr'>lta</span> <span class='ocrx_word' id='word_1_211' title='bbox 1310 2314 1431 2365; x_wconf 80' lang='lat' dir='ltr'>quod</span> 
     </span>
     <span class='ocr_line' id='line_1_32' title="bbox 100 2370 1429 2429; baseline 0.009 -17"><span class='ocrx_word' id='word_1_212' title='bbox 100 2370 395 2427; x_wconf 84' lang='lat' dir='ltr'>aequabiliter</span> <span class='ocrx_word' id='word_1_213' title='bbox 434 2380 700 2426; x_wconf 85' lang='lat' dir='ltr'>temperatae</span> <span class='ocrx_word' id='word_1_214' title='bbox 740 2371 935 2414; x_wconf 81' lang='lat' dir='ltr'>libertati</span> <span class='ocrx_word' id='word_1_215' title='bbox 977 2375 1246 2429; x_wconf 76' lang='lat' dir='ltr'>praesidium</span> <span class='ocrx_word' id='word_1_216' title='bbox 1291 2382 1429 2429; x_wconf 80' lang='lat' dir='ltr'>Solon</span> 
     </span>
     <span class='ocr_line' id='line_1_33' title="bbox 100 2444 1433 2506; baseline 0.01 -23"><span class='ocrx_word' id='word_1_217' title='bbox 100 2457 194 2498; x_wconf 79' lang='lat' dir='ltr'>esse</span> <span class='ocrx_word' id='word_1_218' title='bbox 225 2444 451 2495; x_wconf 86' lang='lat' dir='ltr'>voluerat,</span> <span class='ocrx_word' id='word_1_219' title='bbox 482 2453 582 2499; x_wconf 83' lang='lat' dir='ltr'>post</span> <span class='ocrx_word' id='word_1_220' title='bbox 609 2454 831 2487; x_wconf 82' lang='lat' dir='ltr'>mutatum</span> <span class='ocrx_word' id='word_1_221' title='bbox 862 2445 910 2486; x_wconf 87' lang='lat' dir='ltr'>in</span> <span class='ocrx_word' id='word_1_222' title='bbox 933 2446 1126 2492; x_wconf 79' lang='lat' dir='ltr'>deterius</span> <span class='ocrx_word' id='word_1_223' title='bbox 1159 2447 1433 2506; x_wconf 76' lang='lat' dir='ltr'>reipublicae</span> 
     </span>
    </p>
   </div>
   <div class='ocr_carea' id='block_1_3' title="bbox 149 2597 964 2649">
    <p class='ocr_par' dir='ltr' id='par_1_3' title="bbox 149 2597 964 2649">
     <span class='ocr_line' id='line_1_34' title="bbox 149 2597 964 2649; baseline 0.007 -20"><span class='ocrx_word' id='word_1_224' title='bbox 149 2600 207 2644; x_wconf 56' lang='grc' dir='ltr'>εἴ)</span> <span class='ocrx_word' id='word_1_225' title='bbox 235 2597 407 2631; x_wconf 85' lang='lat' dir='ltr'>Aeschin.</span> <span class='ocrx_word' id='word_1_226' title='bbox 445 2597 526 2643; x_wconf 76' lang='lat' dir='ltr'>adv,</span> <span class='ocrx_word' id='word_1_227' title='bbox 563 2599 795 2644; x_wconf 72' lang='lat' dir='ltr'>ctesiphont,</span> <span class='ocrx_word' id='word_1_228' title='bbox 823 2614 858 2647; x_wconf 78' lang='lat' dir='ltr'>p.</span> <span class='ocrx_word' id='word_1_229' title='bbox 886 2608 964 2649; x_wconf 78' lang='lat'><strong>533.</strong></span> 
     </span>
    </p>
   </div>
   <div class='ocr_carea' id='block_1_4' title="bbox 150 2679 989 2735">
    <p class='ocr_par' dir='ltr' id='par_1_4' title="bbox 150 2679 989 2735">
     <span class='ocr_line' id='line_1_35' title="bbox 150 2679 989 2735; baseline 0.007 -20"><span class='ocrx_word' id='word_1_230' title='bbox 150 2681 209 2731; x_wconf 78' lang='lat'>28)</span> <span class='ocrx_word' id='word_1_231' title='bbox 238 2679 286 2714; x_wconf 84' lang='lat' dir='ltr'>cf.</span> <span class='ocrx_word' id='word_1_232' title='bbox 316 2692 370 2716; x_wconf 87' lang='lat' dir='ltr'>or.</span> <span class='ocrx_word' id='word_1_233' title='bbox 397 2680 439 2715; x_wconf 86' lang='lat' dir='ltr'>in</span> <span class='ocrx_word' id='word_1_234' title='bbox 461 2681 669 2718; x_wconf 74' lang='lat' dir='ltr'>Theocriti.</span> <span class='ocrx_word' id='word_1_235' title='bbox 698 2695 734 2729; x_wconf 82' lang='lat' dir='ltr'>p.</span> <span class='ocrx_word' id='word_1_236' title='bbox 764 2697 859 2730; x_wconf 75' lang='lat'>1532.</span> <span class='ocrx_word' id='word_1_237' title='bbox 892 2698 989 2735; x_wconf 78' lang='lat'>³335·</span> 
     </span>
    </p>
   </div>
  </div>
 </body>
</html>
