1706 3058
235 197 291 241 84

237 304 523 358 Prytanibus‚
555 304 633 346 sed
664 317 687 344 e
716 301 984 359 reliquarum
1014 316 1177 345 novem
1209 301 1432 353 tribuum,
1463 318 1562 360 pry-

237 375 401 417 taniam
427 390 478 415 eo
503 387 699 430 tempore
718 389 809 415 non
833 372 1103 430 gerentium.
1126 374 1426 422 senatoribus,
1451 373 1562 417 item

238 457 354 487 sorte
386 445 670 500 capiebantur
703 460 726 486 a
750 446 999 497 Prytanum
1030 442 1246 501 Epistata,
1280 443 1458 501 quoties
1488 455 1566 486 aut

238 518 420 559 Senatus
456 528 528 557 aut
549 518 744 573 populns
773 517 1093 556 convocandus
1114 528 1218 564 erat,
1252 515 1297 556 id
1330 526 1421 562 est,
1455 528 1565 570 quo·

236 586 352 627 tidie
383 588 495 631 ferm
527 602 630 628 nam
662 590 845 629 Senatus
877 585 1079 642 quotidie
1111 577 1348 627 convocari
1380 587 1561 633 solebat,

235 655 324 699 nisi
357 657 393 698 si
428 654 560 699 feriae
599 668 845 716 agerentur.
911 660 965 700 Οἵ
991 658 1230 712 πρυτάνεις,
1276 651 1426 712 inqust
1455 655 1564 698 Pol-

237 730 310 768 lux
330 731 402 781 2),
431 727 504 783 τὴν
536 730 691 785 βουλὴν
722 729 969 784 συιάγουσιν
1001 727 1215 784 ὁσημέραι,
1246 726 1351 780 πλὴν
1382 726 1432 769 ἅν
1462 727 1565 781 α’φε-

234 799 302 849 τός
319 818 378 849 τις
406 803 444 858 ᾗ.
505 803 599 841 Hos
637 798 774 855 igitur
805 799 1017 854 deinceps
1049 813 1151 840 cum
1183 796 1388 841 Corsinio
1421 796 1566 840 brevi·

237 870 342 911 tatis
375 868 511 926 gratia
545 869 804 911 vocabimus
845 869 1081 913 ffProedros
1110 885 1199 912 non
1221 893 1245 900 -
1269 869 1563 922 contribules,

238 937 450 998 quoniam
485 957 535 982 ex
565 955 728 981 novem
760 939 946 981 diversis
978 939 1186 982 tribubus
1219 950 1367 987 erant;
1399 939 1566 992 priores

238 1025 386 1055 autem
416 1013 515 1054 illos
537 1011 829 1065 contribules,
863 1011 1076 1068 quoniam
1097 1011 1295 1062 ejusdem
1329 1021 1454 1051 erant
1473 1023 1567 1052 om-

235 1099 313 1126 nes
347 1085 482 1125 tribus
511 1083 854 1140 πρυτανευούσης.
923 1086 992 1124 Dc
1026 1081 1121 1122 istis
1153 1081 1564 1124 non-contribuli-

237 1156 316 1199 bus
348 1166 576 1197 auctorem
599 1156 812 1195 habemus
842 1152 1066 1205 imprimis
1098 1153 1395 1203 Pollucem3).
1416 1151 1562 1206 ”Οταν,

237 1222 407 1283 inquit,
451 1225 493 1270 οἵ
519 1224 738 1281 πρυτάνεις
769 1225 841 1268 τὶν
873 1229 1004 1278 δῆμον
1034 1223 1064 1276 ἥ
1090 1221 1163 1276 τὴν
1194 1221 1348 1278 βουλὴν
1381 1223 1564 1279 συνάγω-

237 1313 302 1343 ’σιν
335 1293 454 1348 οὗτος
482 1297 524 1353 (ὁ
550 1295 797 1350 Ἐπιστάτης
817 1301 899 1338 τῶν
929 1292 1186 1351 πρυτάνεων)
1218 1296 1256 1343 ἐξ
1286 1292 1455 1347 ἑκάστης
1484 1308 1564 1346 φυ-

234 1373 310 1424 λῆς
338 1371 539 1426 πρόεδρον
571 1369 639 1410 ἕνα
669 1373 826 1420 κληροῖ,
863 1365 993 1420 μόνην
1013 1364 1087 1418 τὴν
1117 1363 1453 1419 πρυτανεύουσαν
1483 1363 1566 1420 ‹iap-

233 1445 319 1491 ίεις.
380 1442 547 1482 Eadem
580 1439 668 1479 fere
689 1435 844 1479 suidas
866 1435 1000 1477 tradit
1013 1436 1066 1489 ⁴).
1127 1433 1185 1474 Hi
1217 1433 1351 1490 igitur
1378 1435 1563 1476 Proedri

235 1523 372 1555 non-
395 1509 674 1552 contribules
705 1521 871 1548 novem
914 1515 1055 1553 erant,
1105 1503 1269 1558 singuli
1310 1519 1333 1545 e
1373 1505 1563 1562 singulis

235 1568 465 1629 tribubus,
500 1590 679 1636 excepta
707 1592 779 1624 ea,
813 1590 924 1632 quae
953 1573 1202 1631 prytaniam
1233 1577 1424 1631 gerebat,
1455 1590 1560 1626 non,

235 1665 289 1696 ut
328 1651 601 1695 contribules
643 1647 734 1698 illi,
772 1649 828 1689 ad
867 1658 1073 1704 septenos
1115 1644 1236 1699 dies,
1277 1647 1354 1689 sed
1385 1648 1438 1688 ad
1467 1647 1562 1691 illas

247 1808 250 1811 Α
284 1780 321 1823 2)
348 1778 430 1812 Lib.
461 1778 561 1810 vm.
598 1787 626 1810 s.
663 1784 719 1821 95·

282 1858 319 1902 5)
347 1855 401 1888 Ib.
430 1865 457 1887 S.
485 1852 541 1897 96.
569 1856 662 1884 extr.

285 1925 320 1967 4)
348 1923 382 1957 S.
409 1934 443 1955 v.
468 1918 706 1962 Ἐπιστοῖτης.
756 1915 935 1961 Reliquos
963 1915 1236 1950 Grammaticos
1261 1914 1414 1949 laudare
1436 1915 1488 1949 nil
1507 1921 1563 1961 at-

236 1984 352 2024 tinct3
388 1990 516 2015 omnes
541 1978 642 2012 enim
667 1988 752 2011 cum
776 1977 929 2010 Polluce
955 1988 998 2010 ac
1022 1976 1136 2010 Suida
1161 1975 1412 2010 consentiunt.
1459 1977 1559 2010 Fun·

236 2043 325 2076 dum
349 2047 475 2075 autem
500 2046 536 2073 et
561 2038 728 2077 sontem,
762 2037 861 2071 unde
894 2048 1022 2070 omnes
1058 2037 1140 2070 fere
1171 2036 1307 2070 horum
1333 2035 1560 2069 Grammati-

237 2115 367 2138 corum
383 2099 652 2140 recentiorum,
678 2097 812 2132 Suidae
836 2104 938 2142 puta,
964 2095 1193 2141 Etymologi‚
1221 2095 1312 2141 quin
1335 2095 1450 2140 ipsius
1470 2095 1558 2131 Pol-

234 2162 328 2198 lucis
363 2161 609 2207 expositiones
644 2157 852 2201 manarint,
899 2155 1110 2202 Telephum
1143 2150 1418 2200 Pergamenum
1450 2162 1558 2200 putat

234 2218 436 2264 Luzac‘ius,
467 2221 614 2266 (Disqu.
643 2218 688 2252 de
714 2217 867 2263 Epistat.
894 2229 938 2252 ac
962 2218 1116 2251 Proedr.
1149 2218 1183 2262 ἕ.
1209 2228 1241 2261 5.
1268 2223 1351 2261 post
1377 2217 1481 2250 Orat.
1509 2211 1557 2250 εἷο

233 2285 388 2320 Socrate
412 2281 530 2324 Cive.)
557 2281 660 2323 cujus
685 2278 939 2323 fragmentum
974 2285 1092 2312 exstat
1116 2277 1212 2322 apud
1234 2277 1483 2319 Eustathium,
1509 2275 1556 2311 etl

234 2345 308 2381 od.
335 2346 375 2379 P.
401 2356 433 2377 v.
458 2352 536 2387 455.
563 2353 598 2386 p.
625 2341 703 2384 641.
731 2338 788 2372 ed.
815 2338 927 2372 Basil.
967 2349 1193 2385 quamquam
1225 2335 1352 2379 valde,
1385 2342 1428 2369 ut
1451 2336 1554 2371 vide·

232 2411 318 2446 tur,
351 2401 618 2437 abbreviatum.
674 2399 867 2433 Pollucem
901 2404 1049 2440 tamen,
1085 2397 1149 2443 qui
1181 2396 1339 2442 Telephi
1373 2397 1446 2431 fuit
1469 2397 1555 2432 fere

233 2463 418 2510 aequalis,
444 2473 519 2494 non
544 2461 662 2505 magis
688 2471 798 2506 quam
814 2456 1152 2502 Harpocrationem
1169 2467 1213 2491 ex
1232 2466 1277 2490 eo
1296 2456 1462 2491 hausisse
1484 2468 1552 2502 pu·
1586 2502 1589 2506 ²

231 2525 358 2559 tax-im.
409 2524 577 2567 Uterque
602 2520 842 2553 Aristotelem
866 2517 972 2562 sequi
998 2518 1115 2560 solet3
1141 2527 1265 2562 neque
1284 2523 1408 2552 tantus
1434 2524 1491 2552 est
1512 2518 1549 2553 h.

231 2586 257 2620 1.
291 2586 392 2618 inter
423 2578 618 2617 Pollucem
653 2587 690 2613 et
721 2577 929 2622 Telephum
964 2589 1186 2619 consensus,
1220 2583 1261 2610 ut
1293 2578 1381 2621 ille,
1414 2577 1549 2612 relicto

229 2645 449 2686 Aristotele,
497 2643 597 2676 hunc
636 2641 759 2685 potius
792 2646 941 2674 secutus
975 2651 1056 2674 esse
1087 2637 1206 2672 videri
1230 2637 1374 2674 debeat.
1435 2639 1547 2674 Tele-

226 2707 321 2752 phus
344 2705 467 2752 potius
492 2704 573 2749 ipse
596 2701 677 2736 sine
701 2701 813 2735 dubio
839 2712 883 2736 ex
911 2700 1116 2735 Aristotele
1135 2698 1268 2732 hausit.
