1706 3058
265 115 344 161 256

263 237 443 281 quoque
475 220 619 270 festis,
661 218 903 272 majoribus
934 230 1076 269 certe.
1120 230 1163 262 et
1192 233 1302 277 quae
1338 233 1419 275 per
1447 219 1578 260 ludos

261 309 536 352 pompasque
565 303 875 348 peragerentur
907 290 1070 332 similes
1101 292 1218 348 leges
1260 289 1395 332 fuisse
1436 290 1580 330 creda·

260 381 383 415 mus,
424 380 526 406 cum
554 362 808 419 praesertim
838 362 978 404 Julius
1008 362 1165 404 Pollux
1202 359 1248 403 id
1291 359 1476 401 innuere
1506 357 1580 398 vi-

260 439 436 484 deatur,
478 434 718 491 generatim
771 433 946 475 dicens:
996 436 1200 491 ἐγίγνοντο
1247 434 1290 477 δὲ
1337 430 1578 488 (προβολαὶ)

257 510 353 563 περὶ
392 512 470 548 τῶν
508 505 803 562 ἐξυβρισάντων
846 505 875 559 ἦ
915 503 1198 560 ἀδικησάντων
1235 504 1265 558 ἢ
1294 500 1582 557 ἀσεβησάντων

259 580 379 632 περὶ
417 575 505 625 τὰς
541 576 697 631 ἑορτά
712 595 741 626 ς.
811 577 1019 618 Ceterum
1049 589 1140 616 non
1171 590 1264 616 uno
1295 586 1493 628 tempore
1526 573 1582 612 de

257 647 466 691 omnibus
506 646 630 688 festis
669 648 797 688 hasce
834 649 951 703 leges
990 648 1096 687 latas
1140 661 1251 693 esse,
1295 661 1345 686 ex
1375 646 1463 685 hoc
1490 655 1585 684 uno

258 718 361 761 satis
386 729 518 775 patet,
552 719 672 774 quod
693 720 1018 759 Demosthenes
1041 716 1344 773 antiquiorem
1369 717 1423 756 de
1442 715 1580 757 Eleu-
1605 710 1609 715 ’

258 789 414 839 siniis,
460 804 593 845 quam
637 791 690 830 de
722 788 951 841 Dionysiis
992 790 1134 845 legem
1179 801 1270 829 esse
1314 787 1582 840 affirmat²¹).

258 865 425 905 Omnes
459 872 608 902 autem
639 859 864 915 aliquanto
906 871 1006 914 post
1047 856 1223 902 Solonis
1261 868 1460 905 aetatem,
1501 872 1583 900 ne-

255 949 345 992 que
374 935 462 974 ulla
509 931 705 973 fortassis
745 942 846 972 ante
887 930 995 972 belli
1035 928 1407 984 Peloponnesiaci
1446 928 1583 970 finem

256 992 334 1048 aut
363 1002 601 1047 Euclidem
632 1003 889 1043 archontem
929 1003 1015 1042 lata
1057 1007 1192 1050 est22).

343 1077 539 1117 Cautum
570 1083 660 1114 erat
689 1072 759 1114 his
790 1073 985 1128 legibus,
1032 1087 1088 1113 ne
1127 1070 1228 1127 quis
1259 1073 1373 1112 festo
1413 1081 1581 1127 tempo·

254 1165 326 1197 re,
362 1161 476 1203 quae
508 1148 722 1199 ἱερομηνία
753 1144 930 1186 Graecis
963 1143 1214 1191 dicebatur,
1246 1143 1334 1182 ulla
1365 1144 1419 1183 de
1450 1155 1582 1183 causa

254 1219 464 1275 cuiquam
495 1213 711 1266 injuriam
726 1215 888 1255 faceret
908 1212 1377 1264 manumveinjiceret‚
1410 1228 1502 1254 non
1524 1211 1580 1252 iis

257 1291 427 1335 solum,
472 1285 549 1342 qui
581 1285 629 1325 in
660 1283 1021 1325 administrandis
1052 1283 1182 1325 sacris
1213 1283 1417 1339 ludisque
1450 1297 1582 1325 occu-

253 1359 346 1417 pati
371 1367 528 1403 essent,
559 1356 635 1395 sed
654 1354 747 1395 aliis
769 1353 1012 1409 quibusvis,
1045 1354 1209 1396 festum
1232 1351 1582 1398 concelebranti-

255 1426 683 1485 bus,Spectantibus‚
700 1424 887 1480 civibus,
907 1423 1166 1483 peregrinis,
1188 1424 1350 1473 liberis,
1376 1424 1582 1482 servis³');

302 1596 358 1637 21)
387 1595 455 1630 Or.
479 1593 520 1626 in
544 1591 639 1626 Mid.
665 1592 690 1625 1.
717 1592 743 1625 l·
768 1589 933 1627 κᾶκεῖνος
958 1589 997 1635 (v‘
1020 1595 1104 1636 περὶ
1131 1589 1206 1626 τυῖν
1231 1587 1433 1628 Διονυσίων
1453 1587 1582 1636 νόμος)

255 1654 405 1704 ὕστερος
427 1653 561 1690 τούτου
584 1652 698 1695 ἐτέθη
733 1651 814 1695 (τοῦ
844 1657 929 1697 περὶ
964 1651 1039 1687 ταῖν
1062 1653 1301 1697 μυστηρίων).

302 1740 362 1782 22)
387 1739 477 1773 Post
504 1737 681 1771 Solonem
711 1746 773 1769 eas
797 1735 891 1768 latas
917 1746 1019 1777 esse,
1044 1735 1083 1768 in
1109 1735 1240 1780 quihus
1268 1735 1315 1769 de
1338 1734 1435 1768 ludis
1461 1733 1584 1768 sceni-

253 1801 308 1837 cis
334 1799 479 1845 agstur,
506 1809 567 1832 res
592 1798 670 1842 ipsa
701 1795 788 1830 satis
814 1794 966 1828 evincit.
995 1795 1044 1829 cf.
1072 1801 1110 1829 et
1133 1795 1330 1831 Demosth.
1355 1806 1392 1839 p.
1417 1804 1497 1838 525.
1518 1794 1583 1828 Al-

253 1859 410 1896 cibiadis
435 1864 560 1892 aetate
577 1858 702 1902 legem
725 1856 830 1889 illam
855 1855 902 1888 de
926 1855 1118 1900 Dionysiis
1139 1856 1306 1890 nondum
1324 1855 1453 1897 fuisse,
1477 1853 1582 1891 idem

251 1923 442 1962 affirmat,
474 1931 511 1964 p.
545 1918 624 1962 562.
685 1911 921 1960 Ἀλκιβιάδης
966 1918 1130 1960 Ταυρέαν
1166 1913 1324 1958 ἐπάταξε
1356 1913 1582 1960 χορηγοῦντα

252 1985 318 2023 ἐπὶ
343 1978 494 2026 κόῤῥης·
530 1979 621 2014 ἔστω
646 1976 787 2017 ταῦτα,
830 1971 923 2009 duci
957 1974 1121 2021 χορηγῶν
1156 1989 1195 2020 γε
1228 1974 1451 2020 χορηγοῖντα
1481 1971 1585 2010 τοῦτ’.

252 2042 416 2087 ἐποίησε,
437 2034 850 2080 οἷῖπωτᾶνδετδννὸμον
861 2038 1124 2083 παραβαίνων·
1152 2033 1195 2072 ου’
1202 2034 1271 2081 γάρ
1285 2032 1400 2070 ἔκειτό
1416 2047 1486 2069 πω.
1505 2035 1583 2080 (De

252 2102 412 2138 historia
437 2101 486 2135 cf.
513 2097 696 2133 Andocid.
716 2095 756 2130 in
780 2095 960 2130 Alcibiad.
987 2107 1024 2141 p.
1052 2108 1106 2131 21.
1133 2107 1189 2141 35.
1218 2095 1406 2130 Plutarch.
1427 2096 1491 2130 vit,
1508 2096 1581 2130 ἈῙ,

255 2164 328 2198 cib.
357 2174 436 2208 cap.
466 2161 535 2204 16.)
584 2160 824 2193 Memoratur
848 2155 1002 2202 quidem
1027 2157 1072 2190 ab
1097 2157 1312 2199 Andocffle,
1348 2156 1394 2189 de
1418 2157 1579 2201 Myster.

252 2235 292 2271 p.
320 2233 370 2267 15.
397 2227 430 2260 8.
480 2220 629 2255 Solonis
661 2220 742 2261 lex,
776 2228 872 2265 quae
905 2217 1053 2259 jubeat,
1088 2217 1270 2262 postridie
1303 2217 1581 2262 Mysteriorum

254 2287 438 2321 Senatum
472 2282 512 2314 in
542 2280 757 2321 Eleusinio,
809 2277 967 2322 (templo
1012 2289 1089 2311 non
1122 2277 1301 2311 Eleusine
1334 2277 1398 2310 sed
1428 2278 1468 2311 in
1501 2278 1581 2323 ipsa

255 2346 366 2388 urbe)
392 2342 541 2385 haberi,
574 2348 776 2386 actumque
799 2338 840 2372 in
863 2337 929 2371 illo
955 2339 1094 2374 Senatu
1119 2348 1201 2372 esse
1227 2336 1274 2372 de
1298 2338 1410 2373 rebus
1432 2349 1500 2383 per
1524 2339 1581 2373 fe-

254 2412 355 2439 stum
380 2402 516 2448 gestis,
550 2412 595 2435 ex
625 2401 706 2446 ipso
738 2398 918 2434 orationis
943 2403 1122 2432 contextu
1155 2403 1330 2443 apparet;
1366 2397 1432 2433 sed
1465 2398 1583 2434 comi-

256 2468 399 2501 tiorum
423 2460 527 2498 nulla
551 2461 604 2496 ibi
630 2462 673 2495 sit
704 2460 861 2496 mentio.

303 2538 361 2581 23)
397 2530 595 2568 Demosth.
631 2531 670 2563 in
706 2530 801 2564 Mid.
835 2541 872 2576 p.
909 2539 986 2575 525.
1020 2528 1128 2564 Servi
1161 2526 1314 2573 quidem
1336 2526 1580 2562 nondiserte

256 2600 537 2635 memorantur3
570 2599 701 2626 tamen
735 2591 782 2625 de
813 2591 859 2625 iis
895 2602 1043 2636 quoque
1076 2589 1141 2623 has
1176 2589 1281 2633 leges
1316 2586 1477 2622 valuisse
1500 2598 1577 2639 non

257 2658 411 2700 dubim,
436 2666 525 2690 cum
549 2652 737 2690 ordinaria
761 2649 896 2699 ὕβρεως
915 2651 1010 2688 actio
1030 2662 1106 2685 non
1129 2649 1251 2685 minus
1273 2654 1431 2694 propter
1454 2648 1579 2683 servo-
