1706 3058
268 108 348 160 298
390 116 396 121 ·

264 206 464 265 publica,
498 205 764 254 sacerdotia,
796 207 957 260 templa
989 208 1188 246 Deorum
1219 212 1474 259 ceteraeque
1504 216 1572 245 reo

264 295 431 327 sacrae,
474 275 713 322 aerarium,
753 290 853 332 ager
882 273 1087 331 publicus
1129 288 1371 329 omnesque
1401 288 1467 315 res
1497 289 1574 329 pu-

266 350 426 397 blicae.
459 351 669 399 honores,
701 346 865 398 judicia
897 357 1142 401 cunctaque
1161 343 1308 386 civilia
1331 348 1438 395 jura,
1470 343 1578 385 uni-

264 436 387 464 versa
409 419 601 474 denique
618 416 880 473 respublica.
938 418 1087 473 Itaque
1114 415 1254 457 Julius
1275 416 1443 466 Pollux,
1475 426 1579 455 cum

263 495 356 546 περὶ
389 495 509 546 ἱερῶν
539 491 607 531 καὶ
637 486 761 532 ὁσίων
791 487 839 529 in
860 500 1010 543 quarta
1043 486 1227 529 ecelesia
1249 486 1469 541 populum
1498 482 1578 525 eci·

265 647 362 681 quae
386 637 686 670 commodissime
713 634 832 680 digeri
855 644 965 678 posse
994 633 1168 667 videntur
1189 632 1263 665 hoc
1286 631 1409 665 modo.
1449 629 1579 666 ’Όσιον

263 697 427 741 primum
451 701 530 736 est,
557 696 655 746 quod
680 695 758 730 sine
781 694 928 739 piaculo
955 693 1038 727 sieri
1062 694 1174 736 licet,
1198 704 1282 734 res,
1308 703 1419 737 quam
1441 691 1480 724 in
1504 691 1579 736 pri-

265 763 368 790 vatos
395 768 437 790 ac
461 758 638 801 profanos
662 767 749 790 usus
773 755 950 789 adhibere
984 755 1037 787 fas
1063 761 1139 795 est,
1175 753 1300 794 locus,
1335 763 1410 797 quo
1434 751 1581 796 ingredi

264 818 379 851 cuivis
404 818 516 860 licet,
553 817 623 851 alia
648 814 850 858 ejusmodi,
893 815 1097 859 differtque
1122 811 1222 848 ὅσων
1255 811 1300 844 ab
1335 809 1423 856 ἱερῷ
1446 810 1581 845 eodem

264 878 397 921 modo,
428 890 500 924 quo
527 877 571 910 ab
598 872 762 922 αἰβεβήλῳ
787 876 956 921 βέβηλον.
983 874 1068 919 (vid.
1105 875 1275 907 Ammon.
1302 872 1341 904 in
1366 867 1463 906 ὅσιος
1479 870 1580 904 etin

264 936 457 985 ἀβέβηλα.)
485 938 542 970 Ita
566 949 599 970 v.
627 948 658 970 c.
687 946 743 979 ap.
770 936 1070 981 Aristophanem,
1097 933 1251 980 Lysistr.
1275 945 1310 966 v.
1337 943 1415 977 743.
1449 930 1581 965 mulier

261 1000 493 1043 parturiens:

348 1053 398 1094 Ὠ
422 1055 577 1099 πότνια,
602 1058 745 1103 inquit,
770 1054 954 1094 Εἰλείθυι’
975 1056 1114 1100 &nuce
1139 1052 1203 1090 τοῦ
1229 1049 1338 1090 τόκου

356 1119 420 1155 ἕως
444 1117 490 1154 (ἲν
515 1116 562 1154 εἷς
585 1116 686 1153 ὅσιον
719 1116 820 1163 μόλω
851 1114 912 1163 ’γαῖ
945 1119 1088 1162 κωρίυν.

352 1180 377 1213 i.
404 1191 437 1214 e.
464 1176 513 1215 εἷς
534 1179 691 1224 βέβηλον
715 1182 775 1213 καὶ
799 1175 851 1222 μῆ
885 1175 1006 1221 ἱερόν.
1037 1173 1116 1211 ἀλλ’
1139 1173 1240 1210 ’ὅσιον

356 1238 406 1277 εἷς
429 1235 592 1275 τοκετόν.
616 1236 740 1281 ἐπειδή
763 1237 802 1271 ἓν
825 1235 872 1284 τῇ
893 1233 1113 1281 ’Λκροπόλει
1136 1231 1240 1278 ἦσαν,

263 1308 307 1336 ut
331 1300 472 1346 optime
496 1297 656 1341 explicat
680 1297 976 1330 Scholiastes.-
1023 1295 1116 1328 Inde
1141 1295 1414 1328 substantivum
1437 1292 1462 1339 ἧ
1485 1291 1581 1337 ὁσία,

266 1363 353 1396 Fas.
380 1361 532 1393 Homer.
562 1357 695 1401 Odyss.
721 1357 819 1390 XVI.
846 1366 923 1399 423.
951 1355 1136 1400 Aristoph.
1162 1355 1260 1388 Plut.
1288 1355 1364 1394 682.
1384 1355 1579 1389 Demosth.

263 1421 359 1457 Mid.
385 1432 421 1466 p.
449 1424 527 1464 548.
552 1437 599 1443 -
646 1419 777 1462 Itaque
801 1413 911 1459 ἱεροῖς
934 1413 1116 1460 χρήμασιν
1147 1421 1390 1460 apponuntur
1420 1414 1469 1450 τὲ
1500 1413 1585 1452 ὅσια

263 1495 324 1528 ap.
345 1479 543 1517 Demosth.
579 1478 661 1511 adv.
686 1478 893 1511 Timocrat.
917 1475 998 1522 726,
1027 1481 1067 1509 et
1089 1476 1177 1510 alibi
1200 1475 1359 1521 passim:
1391 1486 1454 1518 ea,
1489 1486 1586 1521 quae

263 1544 312 1579 ad
335 1542 506 1589 publicos
529 1539 783 1584 profanosque
806 1547 894 1570 usus
920 1534 1087 1570 adhiberi
1110 1536 1220 1577 licet,
1254 1536 1321 1580 iis,
1363 1547 1459 1581 quae
1483 1536 1586 1570 Deo-

264 1616 351 1639 rum
385 1612 489 1636 sacra
525 1605 632 1642 sunt,
670 1599 859 1644 rebusque
892 1595 1022 1630 divinis
1056 1602 1204 1629 tantum
1227 1596 1393 1642 impendi
1414 1603 1582 1642 possunt.

267 1668 370 1710 (narn
400 1660 548 1697 etiamsi
580 1670 850 1703 nonnunquam
887 1668 907 1691 e
943 1657 1054 1690 sacris
1089 1657 1258 1691 Deorum
1289 1658 1441 1692 aerariis
1471 1669 1585 1703 pecu-

267 1726 352 1759 niae
382 1723 428 1758 ad
461 1720 620 1766 reipubl.
657 1731 765 1753 usum
799 1717 1136 1762 depromebantur,
1178 1717 1328 1751 restitui
1366 1728 1428 1751 eas
1459 1718 1583 1762 primo

270 1795 421 1832 quoque
455 1789 626 1826 tempore
660 1779 857 1823 oportuit.)
914 1778 1059 1811 Eodem
1090 1777 1202 1810 modo
1231 1775 1257 1821 ἦ
1291 1775 1376 1813 «iola
1411 1775 1582 1822 διοίκησις

269 1845 471 1890 opponitur
495 1842 542 1890 τῇ
565 1839 665 1886 ἱερᾷ,
690 1851 747 1885 ap.
774 1837 972 1872 Demosth.
995 1838 1022 1870 i.
1049 1837 1074 1870 l.
1101 1849 1135 1882 p.
1164 1849 1258 1883 750„
1282 1837 1501 1881 factumque
1525 1842 1584 1871 est

269 1909 344 1947 ita,
377 1909 419 1938 ut
454 1900 537 1939 ὅσια,
571 1902 804 1941 dicerentur,
839 1909 1085 1944 quaecunque
1115 1909 1192 1931 non
1216 1898 1263 1933 ad
1286 1908 1410 1939 sacra,
1447 1896 1512 1931 sed
1537 1896 1584 1931 ad

271 1967 458 2012 reliquam
483 1962 667 2007 rempubl.
695 1960 931 2006 pertinerent
946 1984 955 2001 ‚
982 1965 1019 1992 et
1044 1957 1121 2003 ῐεριὶ
1149 1963 1211 1994 καὶ
1236 1957 1338 2000 3042,
1370 1957 1494 1994 divina
1516 1957 1584 1991 hu-

270 2037 475 2072 manaque,
510 2035 616 2060 sacra
648 2027 685 2056 et
707 2020 876 2066 profana.
915 2038 952 2045 —-
1000 2018 1072 2053 Sed
1107 2018 1276 2052 homines
1310 2029 1459 2064 quoque
1491 2015 1586 2054 ὅσιοι

271 2091 468 2129 dicuntur,
503 2086 549 2128 ii,
589 2084 652 2130 qui
683 2083 771 2117 mali
804 2088 867 2115 aut
898 2080 1035 2125 piaculi
1059 2078 1153 2112 nihil
1183 2078 1403 2122 admittunt,
1452 2079 1582 2120 sancti,

269 2151 321 2197 pii
346 2161 389 2183 ac
414 2146 602 2192 religiosi,
630 2141 804 2189 εὗσεβεῖς.
835 2142 1038 2186 θεοσεβεῖς,
1063 2145 1101 2174 et
1126 2136 1246 2181 ὅσιον,
1279 2136 1325 2174 ni
1348 2136 1508 2181 δίκαιον,
1541 2138 1585 2174 ‘to'

271 2208 431 2256 εὗσιβές.
461 2202 653 2272 xafiapdv,
689 2199 808 2249 ἁγνόν.
856 2202 948 2236 Inde
981 2212 1075 2247 quae
1093 2198 1138 2232 ad
1162 2191 1343 2244 pietatem
1366 2209 1410 2232 ac
1433 2198 1587 2244 religio-

273 2281 362 2305 nem
385 2267 597 2313 pertinent,
626 2261 710 2300 ὅσια
743 2263 939 2304 dicuntur,
976 2260 1156 2306 imprimis
1189 2261 1285 2302 justa
1316 2259 1508 2303 funebria,
1546 2265 1587 2294 et

271 2329 298 2377 η’
321 2327 406 2366 ὁσία
431 2333 496 2361 eut
519 2326 633 2359 ritum
657 2324 822 2369 aliquem
844 2333 1037 2359 sacrorum
1061 2321 1243 2366 designat,
1269 2326 1332 2354 aut
1347 2320 1587 2355 sanctitatem

274 2392 404 2436 ipsam.
441 2386 515 2420 vid.
550 2387 703 2420 Homer.
741 2386 878 2429 Hymn.
914 2382 953 2415 in
983 2383 1150 2417 Mercur.
1186 2394 1218 2415 v.
1249 2393 1322 2426 ¹50·
1350 2387 1390 2415 et
1411 2381 1463 2415 ihi
1484 2383 1586 2417 Mat·-

276 2451 390 2486 thiae.
440 2445 634 2482 Demosth.
662 2443 754 2478 Mid.
781 2456 816 2490 p.
842 2443 920 2488 556.
948 2448 985 2477 et
1010 2442 1156 2486 Ulpian.
1190 2453 1226 2487 p.
1251 2451 1330 2486 555.
1364 2443 1457 2477 Ben.
1482 2443 1586 2478 Reli..

278 2525 350 2558 qua
373 2509 497 2545 facilia
520 2511 617 2540 sunt.
668 2507 712 2539 In
736 2504 949 2538 universum
968 2502 1014 2537 de
1037 2502 1152 2536 verbo
1176 2498 1271 2537 ὅσιος
1294 2502 1342 2537 cf.
1362 2500 1583 2548 Harpocrat.

278 2580 316 2607 et
343 2570 442 2605 suid.
471 2581 498 2602 s.
524 2580 555 2601 v.
582 2577 667 2599 cum
692 2566 854 2609 interpp.
880 2563 1099 2596 Valckenar.
1135 2561 1180 2595 ad
1205 2562 1372 2597 Ammon.
1411 2568 1487 2608 184.
1521 2563 1583 2598 Al-

279 2634 378 2670 berti
402 2631 448 2666 ad
471 2627 631 2674 Hesych.
658 2639 687 2662 s.
712 2638 746 2661 v.
773 2622 969 2660 Ruhnken.
997 2622 1043 2658 ad
1066 2623 1280 2667 Timaeum,
1304 2633 1342 2668 p.
1367 2623 1443 2670 196.
