1706 3058
1378 178 1431 227 35

107 300 182 329 eos
214 283 383 334 facere,
415 296 528 340 quos
558 284 793 325 Senatores
825 294 918 323 esee
945 290 1146 339 negarat,
1176 281 1287 326 illud
1317 286 1432 340 quo-

105 372 193 414 que
223 356 307 398 sibi
337 356 588 411 negandum
620 352 817 410 putavit,
857 354 966 394 ullas
1006 353 1053 394 in
1086 356 1253 396 Senatu
1283 366 1428 410 partes

103 427 242 469 fuisse
261 441 424 468 novem
447 425 514 466 his
534 424 741 468 Proedris
772 425 1261 473 non-contribulibus;
1294 437 1429 481 atque

100 495 218 542 hanc
249 500 305 540 ob
335 511 532 545 causam,
575 511 677 539 curn
710 512 734 538 a
764 496 944 539 Polluce
975 508 1018 537 et
1049 496 1185 538 Suida
1217 498 1426 546 tradatur,

101 581 269 612 creatos
310 568 409 610 illos
441 583 557 620 esse,
604 567 778 624 quoties
805 569 989 609 Senatus
1022 575 1104 610 αιιε
1133 567 1326 610 Comitia
1358 583 1428 609 es·-

98 648 222 691 sent,
263 635 311 677 id
345 640 464 695 quod
495 638 677 681 Luzacii
706 637 972 679 sententiam
1005 639 1189 690 evertit,
1230 653 1308 694 pro
1340 638 1424 680 dis-

97 707 300 761 junctiva
342 709 561 764 particula
601 708 902 766 copulativam
951 709 1131 766 utrique
1177 704 1430 769 subst'ituig

97 791 150 821 ut
178 781 361 837 legatur,
390 796 506 822 non:
531 780 734 825 Ἐπειδὰν
756 785 798 825 οἱ
827 780 1056 836 Πρυτάνεις
1075 780 1333 837 συναγάγωσι
1351 781 1425 835 τήν

97 851 254 909 βουλὴν
286 852 316 907 ἤ
343 852 414 896 τὸν
444 856 597 907 δῆμον,
636 855 738 895 sed:
770 860 842 907 τήν
874 851 1029 909 βουλὴν
1064 855 1132 894 καὶ
1165 853 1235 897 τὸν
1264 858 1422 908 δῆμοντ

95 934 147 964 ut
179 935 286 964 tune
318 924 519 971 demum,
550 922 726 980 inquit,
759 924 842 965 ista
874 922 1294 966 Novem-virorum
1325 939 1423 964 sor-

94 993 200 1036 titio
243 995 392 1035 locum
440 994 667 1042 habuerit,
722 997 898 1050 quando
938 997 1123 1036 Senatus
1174 994 1421 1052 eodemque

92 1073 295 1123 tem-pore
319 1065 559 1122 Populus,
591 1065 821 1107 relationis
853 1065 1081 1106 faciendae
1111 1065 1272 1121 gratia,
1308 1082 1419 1108 con..

89 1139 346 1179 voca‘batur.
407 1138 573 1178 Eadem
607 1138 661 1178 de
696 1151 826 1178 causa
867 1139 988 1192 apud
1016 1124 1419 1193 Harpocrationem

90 1207 250 1250 maluit
279 1207 544 1249 rescribere:
579 1208 787 1264 Πρόεδροι
806 1210 1053 1265 ἐκληροῦντο
1074 1208 1157 1252 ὑπὸ
1187 1216 1267 1253 τῶν
1305 1216 1418 1267 Πρυ-

88 1282 240 1322 τανέων
263 1278 357 1322 καθ’
386 1279 558 1334 ἑκάστην
586 1283 801 1334 ἐκκλησίαν
827 1286 930 1336 (pro
962 1282 1082 1337 vulg.
1114 1278 1210 1324 καθ’
1243 1281 1418 1336 ἑκάστην

90 1353 369 1407 Πρυτανείαν)
403 1364 534 1406 quam
556 1350 815 1396 Corsinium
834 1351 976 1407 sequi,
1010 1355 1135 1404 cujus
1163 1353 1416 1395 emendatio

86 1437 216 1478 supra
245 1437 268 1464 a
298 1421 428 1464 nobis
458 1433 805 1465 commemorata
836 1433 912 1465 est.
975 1427 1040 1465 De
1072 1422 1205 1465 Suida
1237 1435 1281 1465 et
1312 1426 1418 1466 Pol-

85 1495 184 1535 luce
224 1495 412 1549 probare
468 1493 650 1535 Luzacii
706 1493 1028 1535 correctionem
1076 1509 1168 1536 non
1216 1510 1413 1551 possum,

87 1564 302 1620 quoniam
342 1562 392 1604 in
434 1567 600 1606 Senatu
639 1579 818 1620 quoque
855 1566 1072 1606 Proedros
1104 1568 1415 1609 non-contri,

85 1636 211 1676 bules
243 1636 393 1676 locum
424 1635 643 1683 habuisse,
677 1647 720 1676 et
749 1651 799 1677 ex
830 1636 906 1676 ino
927 1636 1045 1689 apud
1067 1639 1417 1681 Demosthenem

83 1705 411 1761 Psephismate‚
452 1707 505 1746 de
536 1707 698 1748 Coron.
730 1722 772 1761 p.
808 1706 912 1754 250,
954 1716 997 1745 et
1029 1720 1079 1746 ex
1110 1705 1187 1747 illo
1219 1709 1354 1750 altero
1388 1725 1412 1751 e

84 1775 282 1819 Corsinii
317 1775 539 1832 Inscriptt‚
572 1778 684 1827 Att.,
717 1778 868 1832 paullo
901 1785 1006 1816 ante
1033 1776 1269 1830 adscripto,
1304 1780 1409 1823 satis

81 1857 225 1904 patet3
267 1848 321 1907 de
353 1845 705 1903 Harpocratione
746 1862 834 1889 non
875 1860 1100 1902 repugnO,
1142 1859 1265 1897 tum,
1305 1851 1409 1906 quia

82 1918 130 1960 in
170 1918 458 1975 sequentibus
507 1933 685 1975 quoque
734 1916 917 1960 comitia
959 1928 1132 1959 tanturn
1175 1933 1405 1971 memorat,

81 1992 386 2046 Proedrosque
427 2005 520 2032 esse
552 1990 638 2043 ait,
681 1993 825 2040 οἵτινες
863 1989 911 2032 τὰ
949 1992 1044 2045 περὶ
1079 1989 1154 2043 τὴν
1191 1993 1408 2047 ἐκκλησίαν

81 2060 282 2118 διῴκουν,
332 2071 450 2111 turn,
500 2073 682 2117 propter
729 2060 1012 2105 siini‚]limum
1061 2062 1211 2105 locum
1253 2064 1405 2107 Lexiei

80 2130 334 2179 Rhetorici,
367 2131 551 2174 Luzacii
583 2144 782 2188 ternpore
813 2131 991 2180 inediti,
1024 2146 1146 2174 nuuc
1174 2148 1200 2175 a
1225 2136 1402 2178 Bekke..

79 2216 127 2244 ro
167 2201 468 2258 publicati²⁷),
510 2217 600 2260 quo
636 2205 736 2246 loco
778 2202 853 2245 ille
885 2217 1066 2260 quoque
1096 2218 1202 2245 usus
1233 2217 1319 2249 est:
1362 2211 1405 2252 οἴ

78 2276 172 2330 περὶ
199 2273 270 2324 τὰς
299 2277 511 2330 ἐκκλησίας
545 2274 755 2334 Ἀθήνῃσι
780 2273 1045 2327 διοικοῦντες,
1083 2276 1290 2335 Πρὸεδροι
1307 2281 1399 2323 gna-

73 2352 248 2390 .λοῦντο“
291 2346 565 2402 κληρούμενοι
592 2346 672 2390 ὑπὸ
695 2354 775 2390 τῶν
817 2348 1064 2403 Πρυτανέων
1102 2346 1197 2391 καθ’
1226 2350 1397 2406 ἑκάστην

80 2418 292 2471 ἐκκλησίαν
313 2419 352 2468 ἐξ
383 2417 550 2473 ἑκάστης
575 2425 708 2473 φυλῆς
737 2438 772 2463 κ.
800 2438 832 2463 τ.
867 2426 899 2462 λ.
959 2420 1151 2475 Uterque
1183 2421 1237 2462 de
1266 2422 1395 2464 Proe-

79 2489 256 2530 drorum
288 2487 336 2528 in
367 2491 531 2532 Senatu
563 2490 722 2535 officiis
756 2502 880 2541 tacet,
914 2503 1058 2536 errore
1089 2505 1145 2537 an
1170 2491 1391 2552 negligen*

123 2644 181 2689 27)
205 2643 384 2679 Anecdot.
403 2645 511 2681 Tom.
539 2624 632 2692 Isp.
659 2659 735 2693 290.
