1706 3058
1337 123 1413 161 271

74 224 184 276 wis,
215 220 340 264 adire
371 224 609 272 Senatum,
652 234 695 262 et
726 222 847 277 quod
878 218 963 261 sibi
991 221 1161 260 bonurn
1191 216 1419 257 videretur

11 282 14 286 ’
94 297 149 336 de
178 293 351 350 legibus
386 292 696 346 consulere⁴⁹).
726 315 783 325 ——
842 292 1016 346 Duplex
1052 289 1188 346 igitur
1219 301 1272 328 eo
1304 297 1421 327 tem-

91 372 200 422 p'ore
231 379 368 421 genus
399 365 775 405 Nomothetarum
808 362 943 404 fuisse
963 361 1192 413 videmus3
1223 359 1422 405 alterum,

90 435 262 492 legibus
294 433 627 478 conscribendis
658 450 681 475 a
713 438 876 477 Senatu
919 442 1135 479 creatum,
1180 433 1306 481 cujus
1346 441 1421 484 ge-

91 506 211 547 neris
250 507 423 548 nullum
464 506 586 547 aliud
629 504 675 546 in
717 504 862 546 Attica
900 501 1128 558 republica
1170 500 1420 555 exemplum

91 576 336 619 memoriae
375 577 587 619 traditum
630 587 717 624 est;
770 577 981 622 alterum,
1035 571 1188 614 officio
1238 569 1421 627 quidem

90 646 221 705 plane
253 650 432 696 eodem,
466 658 594 704 atque
624 646 689 688 illi
722 647 916 694 fuerunt,
952 643 1028 701 qui
1060 642 1299 701 quotannis
1322 655 1422 683 con-

90 718 218 760 stitui
249 721 475 771 solebant3
506 733 700 761 ceterum
733 718 817 759 alio
848 719 981 759 modo
1013 727 1222 759 creatum.
1282 717 1425 770 Atque

92 792 225 842 hujus
277 804 455 847 quoque
495 791 665 846 generis
714 792 800 831 hoc
851 804 995 830 unum
1046 798 1112 829 est
1160 787 1423 843 exemplum.

95 864 183 905 Sed
216 861 328 903 illud
359 860 542 903 concedi
575 875 704 916 posse
734 872 860 917 puto,
893 858 1097 916 quamvis
1128 874 1300 906 rarum,
1330 872 1424 899 non

96 943 244 974 tamen
283 947 463 988 prorsus
501 931 761 972 inauditum
801 942 932 986 atque
971 930 1234 972 inusitatum
1274 928 1424 979 fuisse,

94 1015 148 1046 ut
186 1016 386 1060 tempore
427 1001 776 1045 extraordinario
823 1004 1124 1045 Nomothetae
1171 1012 1426 1045 crearentur

140 1193 200 1238 49)
228 1194 287 1226 Ita
325 1192 435 1235 hujus
459 1191 516 1226 rei
550 1191 642 1226 ordo
668 1191 894 1227 describitur
926 1191 967 1225 in
1000 1191 1192 1226 Tisameni
1234 1189 1426 1233 cuiusdam

95 1256 376 1300 Psephismate‚
402 1254 500 1299 apud
527 1253 708 1288 Andocid.
737 1253 783 1288 de
808 1255 923 1299 Myst.
951 1253 976 1286 l.
1004 1254 1029 1287 1.
1070 1251 1205 1295 ”Effuge
1229 1251 1281 1296 τῷ
1305 1248 1426 1296 δήμῳ·

100 1314 300 1361 Τισαμενός
324 1315 424 1352 εἶπε·
449 1313 715 1351 πολιτεύεσθαι
739 1312 964 1358 Ἀθηναίους
988 1311 1084 1348 uate?
1107 1312 1152 1348 τοὶ
1178 1310 1339 1358 πάτρια,
1363 1308 1430 1346 νό-

95 1387 180 1421 μοις
205 1373 242 1410 ὃὲ
268 1376 431 1421 χρῆσθαι
454 1379 531 1411 τοῖς
554 1373 720 1410 Σόλωνος
743 1380 804 1409 καὶ
830 1376 975 1419 μέτροις
1006 1378 1068 1409 καὶ
1098 1373 1303 1416 σταθμοῖς·
1338 1370 1429 1419 χρῆ-

98 1438 192 1471 σθαι
218 1434 254 1470 δὲ
280 1441 339 1470 καὶ
365 1439 444 1472 τοῖς
469 1433 675 1480 Δράκοντος
707 1436 879 1479 θεσμοῖς,
911 1431 1039 1477 οἷσπερ
1074 1428 1270 1477 ἐχρώμεθα.
1303 1431 1342 1467 ἐν
1376 1429 1429 1475 τῷ

98 1494 266 1540 πρόσθεν
290 1493 419 1540 χρόνῳ.
447 1494 594 1532 ὁπόσων
620 1491 649 1530 δ’
674 1492 720 1529 ἂν
743 1492 922 1538 προςὸἐοι,
948 1491 997 1530 οἱ
1017 1491 1250 1541 ᾑρημένοι
1273 1496 1430 1538 Νομο-

99 1558 254 1593 θέται
279 1555 368 1592 ὖπό
393 1556 472 1600 τῆς
494 1555 672 1602 βουλῆς
698 1552 986 1603 ἀναγραψάντων
1019 1555 1059 1591 ἐν
1089 1554 1210 1589 σανίσι
1243 1557 1305 1588 καὶ
1331 1551 1431 1588 ἐκτι-

97 1623 243 1656 θέντων
275 1615 369 1664 προς
403 1616 486 1653 τούς
524 1614 779 1661 Ἐπωνῦμους,
822 1618 973 1652 σκοπεῖν
1004 1614 1056 1658 τῷ
1088 1612 1320 1659 βουλομένῳ,
1364 1617 1429 1649 καὶ

98 1676 383 1726 παραδιδόντων
405 1680 487 1713 ταῖς
513 1675 641 1722 οἶρχαῖς
665 1676 704 1713 ἔν
728 1676 820 1722 τῷδε
842 1675 895 1720 τῷ
918 1677 1019 1720 μηνί.
1073 1674 1162 1711 Tude
1195 1671 1233 1708 δὲ
1264 1673 1431 1720 παραδι-

99 1737 271 1783 δομένους
293 1736 426 1783 νόμους
450 1734 683 1782 δοκιμασάτω
707 1734 893 1784 πρότερον
915 1734 941 1782 ἤ
962 1735 1078 1783 βουλή
1102 1739 1162 1771 καὶ
1187 1732 1228 1769 οἱ
1247 1737 1431 1780 Νομοθέ-

97 1813 162 1835 ται
188 1795 228 1834 οἱ
247 1796 500 1841 πεντακόσιοι,
536 1795 596 1834 οὕς
621 1795 839 1843 οἰ,δημόται
864 1796 1027 1840 εἵλοντο,
1062 1793 1192 1841 ἕπειὸἠ
1228 1793 1430 1842 ὀμωμόκα-

98 1871 174 1895 σιν·
199 1859 334 1901 ἐξεῖναι
358 1856 395 1893 δὲ
420 1863 480 1894 καὶ
507 1856 636 1906 ἰδιώτῃ
660 1856 941 1903 τῷβουλομένῳ,
966 1853 1176 1893 εἷσιᾶντιεῖς
1198 1856 1267 1902 τήν
1277 1857 1431 1902 βουλήν,

104 1918 294 1967 βουλεύειν
320 1915 354 1960 ὅ,
379 1932 417 1954 τι
434 1916 636 1965 ἂνοῖγαθόν
647 1918 710 1966 ἔχῃ
721 1922 804 1962 περὶ
815 1916 889 1952 ταῖν
911 1913 1057 1963 νόμων·
1081 1915 1232 1953 ἐπειδᾶν
1256 1914 1294 1952 δὲ
1313 1917 1432 1953 1⁵36-

100 1995 158 2016 σιν
175 1978 215 2015 οἱ
234 1976 357 2023 νόμοι,
383 1979 630 2023 ἐπιμελείσθω
642 1974 822 2024 ἤβουλήἤ
832 1975 871 2020 ἐξ
894 1974 1044 2021 Ἀρείου
1063 1973 1184 2023 πάγου
1203 1976 1276 2013 τῶν
1291 1975 1428 2022 νόμων,

101 2038 200 2077 ὅπως
218 2038 264 2074 ἂν
281 2036 326 2074 αἰ
348 2037 458 2084 α’ρχαὶ
471 2041 550 2073 τοῖς
564 2040 742 2082 κειμένοις
759 2034 888 2081 νόμοις
899 2036 1071 2085 χρῶνται.
1096 2050 1129 2072 x.
1153 2050 1187 2071 τ.
1214 2036 1247 2071 λ.
1271 2038 1434 2082 Legitur

97 2102 137 2134 in
163 2099 343 2144 Stephani
368 2099 557 2141 editione,
597 2098 851 2141 (Reiskianam
875 2098 977 2132 enim
1001 2108 1104 2131 nunc
1128 2096 1175 2130 ad
1201 2109 1334 2132 manus
1351 2110 1429 2132 non

99 2161 251 2204 habeo):
280 2158 319 2195 οἱ
340 2158 377 2194 δὲ
402 2157 578 2207 ᾑρημένοι
590 2161 687 2203 Νομ.
714 2158 816 2192 Illud
840 2156 879 2194 δέ
904 2169 1085 2204 quorsum
1102 2158 1304 2203 pertineat,
1330 2158 1432 2192 haud

99 2222 214 2257 facile
239 2221 437 2267 quisquam
468 2218 656 2252 divinarit.
715 2218 902 2264 Equidem
934 2218 1071 2263 siglum
1105 2218 1304 2252 numerale
1339 2220 1431 2253 sub-

100 2293 183 2316 esse
208 2279 457 2323 crediderim,
492 2279 653 2313 forsitan
676 2283 717 2316 A
738 2287 802 2314 aut
831 2283 923 2320 AE3
961 2290 1186 2325 quamquam
1216 2279 1431 2314 istiusmodi

101 2343 338 2385 conjecturas
362 2352 483 2386 paene
508 2340 706 2374 infamavit
736 2342 849 2375 Petiti
882 2338 1096 2382 temeritas,
1129 2346 1206 2373 tam
1236 2352 1350 2386 saepe
1383 2341 1430 2375 iis

99 2402 221 2438 abusi.
246 2422 292 2428 -
337 2403 382 2435 In
407 2407 596 2447 sequentt.
622 2400 719 2435 illud
742 2400 782 2437 οἶ
801 2402 951 2447 Nepae.
979 2398 1019 2435 οἶ
1038 2394 1274 2436 πεντακόσιοι
1299 2413 1432 2436 sanum

101 2474 186 2497 esse
208 2468 320 2507 puto,
343 2473 430 2496 cum
453 2461 616 2502 WVolfio,
642 2460 816 2505 Prologg.
842 2460 888 2494 ad
912 2460 1063 2506 Leptin.
1089 2472 1126 2505 p.
1154 2461 1321 2495 CXXIX.
1348 2469 1426 2496 not.

104 2521 181 2567 1234.
231 2523 375 2557 Mirum
399 2521 567 2556 dicerem
595 2521 709 2555 Petiti
734 2532 929 2565 errorem,
963 2521 1061 2556 hanc
1083 2521 1216 2566 legum
1247 2521 1428 2556 lationem

102 2596 190 2619 cum
224 2584 290 2618 illa
320 2594 443 2617 annua
473 2588 586 2628 atque
619 2581 809 2617 ordinaria
847 2582 1131 2628 pez-miscentis,
1175 2581 1249 2616 nisi
1283 2583 1429 2618 assidua

100 2643 214 2680 Petiti
237 2644 461 2681 tractatione
485 2644 575 2680 talia
599 2643 640 2679 in
665 2654 710 2679 eo
735 2643 866 2683 mirari
892 2643 1071 2680 desuetus
1103 2652 1237 2679 essem.
