1706 3058
247 189 324 219 10²

248 287 380 341 βουλῇ
416 288 483 328 καὶ
521 287 579 343 τῷ
617 286 753 344 δήμῳ,
795 286 965 341 πέμπειν
1002 285 1106 342 πρὸς
1145 283 1268 328 αὐτὸν
1304 284 1562 341 (Φίλιππον)

247 353 408 409 κήρυκα
438 359 506 399 καὶ
535 359 720 412 πρέσβεις
747 374 783 400 κ.
812 374 844 401 τ.
874 364 908 401 λ.

333 440 560 482 omissum
584 441 629 481 in
649 443 732 483 hoc
751 442 1051 498 psephismate
1074 453 1139 483 est
1170 438 1359 483 suasoris
1388 452 1567 490 nomen,

250 522 325 552 aut
357 511 569 566 quoniam
602 515 920 554 Demosthenes
952 513 998 554 id
1019 515 1176 554 addere
1200 509 1459 567 supersedit,
1491 521 1569 553 aut

247 581 474 636 quoniam,
508 584 630 624 nullo
657 585 886 637 suadente,
917 586 1123 640 populus,
1157 582 1290 624 simul
1322 597 1370 623 ac
1401 597 1422 622 a
1444 583 1569 625 Proe-

250 651 340 692 dris
382 664 559 710 rogatus
600 665 715 707 erat,
763 657 948 696 Senatus
997 656 1254 696 consultum
1294 663 1438 694 ratum
1480 668 1576 695 esso

246 726 443 774 jusserat.
502 726 634 780 Quod
665 736 814 767 autem
846 724 1051 768 additum
1083 735 1146 765 est
1178 723 1312 764 etiam
1344 731 1572 781 στρατηγῶν

245 793 398 851 γνώμῃ,
432 792 480 835 id
510 809 563 836 eo
597 796 766 836 facturn
798 793 997 846 arbitror,
1031 795 1107 850 qui
1134 793 1329 848 Strategi
1351 808 1440 835 una
1468 808 1571 838 cum

248 865 412 905 Senatu
443 875 485 906 et
516 863 800 907 convocandi
824 863 978 920 populi
1012 876 1054 906 et
1083 867 1334 922 legatorum
1365 866 1572 906 creando-

247 950 347 975 rum
379 948 577 978 auctores
609 937 795 980 fuerant.
854 939 917 982 Ita
946 935 995 976 in
1027 935 1230 993 proximo
1270 933 1573 994 ¹Psephiamate

247 1002 307 1049 ib.
343 1022 383 1061 p.
416 1009 511 1052 282.

328 1091 432 1137 Ἐπὶ
449 1095 678 1151 ”Αρχουτος
699 1092 974 1148 Ἠροπύθοω
1007 1090 1135 1146 μηνός
1166 1098 1471 1146 Μουνυχιῶνος
1500 1094 1571 1152 ἕνῃ

248 1166 317 1207 καὶ
348 1168 437 1223 νέᾳ,
484 1165 754 1219 Πολεμάρχου
786 1164 924 1223 γνώμῃ
955 1187 1350 1196 —————
1382 1164 1575 1219 δεδόχθαι

245 1241 295 1291 τῇ
326 1240 458 1295 βουλῇ
487 1240 555 1280 καὶ
582 1243 640 1294 τῷ
671 1236 808 1294 δήμῳ,
846 1238 1004 1289 πέμψαι
1034 1237 1137 1291 πρὸς
1168 1232 1294 1277 αὐτὸν
1326 1235 1573 1290 (Φίλιππον)

247 1304 409 1361 κήρυκα
431 1310 499 1350 καὶ
528 1310 718 1363 πρέσβεις
748 1325 783 1350 κ.
816 1324 846 1349 τ,
878 1312 911 1349 λ.

245 1393 376 1432 verba
413 1393 486 1436 illa
531 1394 798 1448 Πολεμάρχου
836 1392 1000 1450 γνώμῃ,
1044 1391 1303 1448 designant,
1345 1393 1575 1434 Polemar-

246 1459 320 1500 chi
361 1465 625 1507 auctoritate
666 1467 807 1505 latum
849 1477 942 1506 esse
972 1463 1035 1503 *ad
1071 1463 1293 1519 populum
1338 1464 1392 1503 de
1422 1462 1574 1518 legatis

244 1530 492 1580 mittendis.

331 1618 634 1662 Recitandum
666 1623 854 1662 Senatus
900 1621 1154 1661 consultum
1186 1615 1235 1656 in
1267 1616 1461 1659 comitiis
1495 1633 1575 1660 cu-

246 1700 360 1735 rare,
403 1704 608 1747 remque,
653 1693 707 1731 de
753 1706 839 1747 qua
883 1689 1229 1732 consultandum
1271 1700 1358 1738 est,
1409 1692 1575 1747 populo

246 1771 520 1814 proponere,
549 1765 845 1805 Proedrorum
877 1757 1198 1802 contribulium
1229 1773 1393 1800 munus
1425 1761 1573 1809 fuisse,

247 1841 380 1884 supra
408 1834 497 1882 jam
528 1833 802 1877 monuimus.
870 1836 922 1875 Οἱ
950 1833 1022 1886 μὲν
1056 1828 1299 1886 Πρυτάνεις,
1332 1829 1479 1885 inquit
1500 1831 1572 1873 Ul·

244 1897 430 1954 pinnas,
463 1910 642 1961 συνῆγον
671 1904 744 1958 τὴν
775 1905 1002 1957 ἐκκλησίαν,
1035 1903 1077 1944 οἱ
1097 1902 1139 1943 δὲ
1173 1899 1380 1955 Πρῦεδροι
1401 1899 1573 1956 ὖπὲβαλ-

244 1975 338 2023 λον,
369 1976 462 2029 περὶ
490 1979 602 2024 τίνος
631 1980 851 2029 συνῆλθον,
912 1976 1003 2020 Ita,
1035 1973 1165 2013 allato
1197 1970 1358 2012 nuntio
1392 1973 1446 2012 de
1476 1973 1574 2014 Ela-

246 2050 315 2083 tea
347 2058 369 2084 a
399 2045 608 2103 Philippo
651 2056 885 2102 occupata,
931 2045 1143 2096 Prytanes
1174 2040 1376 2083 retulisse
1405 2043 1573 2099 populo

241 2117 564 2158 Demosthenes
605 2117 769 2168 narra't,
811 2129 921 2172 quae
951 2113 1035 2171 ipsi
1076 2122 1398 2168 cognoverant,¹
1443 2128 1572 2155 eum„

245 2202 360 2244 que,
414 2188 491 2244 qui
543 2187 683 2230 istum
734 2186 948 2229 nuntium
1010 2185 1240 2233 attulerat,
1298 2183 1572 2238 produxisse.

244 2261 372 2315 Apud
402 2259 676 2302 Andocidem
707 2260 1038 2301 Andromachus
1070 2269 1222 2298 servus
1254 2267 1278 2294 a
1307 2253 1574 2308 Prytanibue

244 2329 508 2386 producitur
548 2331 603 2371 ad
644 2329 863 2372 indicium
903 2328 1182 2374 faciendum,
1236 2324 1290 2364 de
1328 2322 1573 2380 profanatis

244 2401 476 2454 mysteriis.
538 2405 587 2445 In
618 2401 673 2444 iis
705 2414 852 2445 tamen
885 2397 1096 2447 comitiis,
1129 2410 1238 2454 quae
1270 2397 1574 2449 Strategorum

245 2471 534 2521 auctoritate,
578 2485 698 2515 extra
741 2473 941 2516 ordinem
981 2472 1279 2515 habebantur,
1331 2463 1417 2521 ipsi
1458 2475 1574 2520 quo-

245 2556 332 2599 que
372 2543 561 2600 Strategi
603 2546 689 2585 hoc
720 2543 940 2587 referendi
979 2543 1034 2584 ad
1076 2540 1295 2598 populum
1327 2547 1369 2577 et
1399 2547 1571 2591 propo-

245 2613 383 2657 nendi
414 2630 597 2657 munere
630 2617 952 2672 fungebantur,
996 2615 1116 2671 quod
1159 2621 1282 2667 patet
1322 2623 1345 2651 e
1385 2601 1571 2663 Pnephi-

238 2697 377 2730 emate
409 2689 527 2744 apud
566 2690 913 2733 Demosthenem
959 2689 1012 2730 de
1043 2687 1244 2730 Corona:

1680 1902 1706 2155 ·-·'‘‹n·'-e.··“⁴i'³›<.2
1688 1831 1706 1879 ἐς
1682 1747 1706 1818 ΕΙᾸΤ
1691 1662 1706 1728 ·-.··—-<

1688 2835 1700 2855 ⁴—
1684 2769 1702 2813 ³·ae
1677 2378 1706 2764 <WMW⁴M
1676 2166 1706 2365 ,ιώὲε-έῑ
