1706 3058
226 167 304 199 120

220 270 402 319 μνυσθαι
432 264 681 321 dicitur¹³);
713 275 888 321 poterat
919 266 1113 323 denique
1142 268 1254 308 lator
1286 266 1380 325 ipse
1410 283 1539 327 roga-

222 334 395 376 tionem
427 349 549 376 suam
584 335 788 377 omittere
820 347 863 378 et
893 352 1121 385 revocare,
1155 337 1200 377 id
1233 339 1353 396 quod
1383 340 1540 382 Aristi-

224 407 325 447 dem
357 406 595 461 aliquando
622 406 777 448 fecisse
797 409 1058 449 Plutarchus
1082 419 1236 449 narrat.
1254 413 1309 460 ¹¹)
1362 409 1542 465 Epista-

223 486 312 517 tam
344 487 517 526 autem,
547 476 582 517 si
614 477 873 534 suffragium
904 480 1071 534 populo
1102 480 1202 519 dare
1223 491 1461 522 recusasset
1484 480 1541 523 si-

222 562 280 588 ne
309 552 420 598 justa
451 561 609 600 causa,
641 547 688 588 in
720 549 936 600 judicium
968 549 1116 591 vocari
1147 549 1344 605 potuisse
1375 566 1453 606 per
1481 554 1542 594 ἔν-

224 623 368 670 δειξιν,
420 618 611 660 Socratis
661 623 793 661 verba
842 622 1082 661 ostendunt
1123 621 1240 675 apud
1281 622 1542 663 Platonem:

222 691 395 744 ἑτοίμων
426 690 556 732 ὄντων
585 691 838 733 ἐνδεικνύναι
868 710 914 744 με
944 693 1013 733 καὶ
1041 688 1210 746 ὑπάγειν
1240 693 1321 734 ταῖν
1343 694 1542 750 ρητόρων,

223 761 293 802 καὶ
321 757 437 812 ὑμῶν
466 760 715 803 κελευόντων
744 764 812 804 καὶ
842 762 1056 817 βοώντων,
1089 762 1185 814 μετὰ
1213 769 1291 805 ’τοῦ
1316 764 1445 818 νόμου
1475 769 1544 809 καὶ

222 836 300 873 τοῦ
329 834 488 874 δικαίου
522 832 636 888 ᾤμην
667 831 816 885 μᾶλλόν
847 851 893 886 με
926 836 1011 876 δεῖν
1036 834 1370 878 διακινδυνεύειν.
1401 835 1431 888 ἤ
1452 836 1544 889 μεθ’

222 900 342 955 ὑμῶν
371 904 562 958 γενέσθαι
591 903 645 956 μὴ
687 906 822 946 δίκαια
852 906 1184 959 βουλευομένων,
1217 908 1454 960 φοβηθέντα
1483 910 1547 950 δε-

225 972 328 1026 σμὸν
357 972 386 1026 ἤ
412 972 666 1026 &dvm-021⁸).
729 973 807 1015 Sin
829 974 1090 1029 suffragium
1123 974 1325 1023 dedisset,
1359 976 1437 1016 ubi
1468 991 1547 1032 per

223 1044 342 1100 leges
372 1059 463 1086 non
494 1045 715 1097 licuisset,
757 1045 803 1085 in
845 1044 1111 1101 quibusdam
1152 1057 1267 1086 certe
1298 1046 1441 1088 causis
1471 1061 1546 1088 ca-

226 1114 335 1172 pitis
368 1116 668 1158 diminutione
698 1131 731 1157 s.
769 1115 924 1172 ἀτιμίᾳ,
956 1116 1299 1171 puniebatur¹³),

309 1187 605 1230 Pronuntiata
636 1186 881 1242 rogatione,
914 1185 952 1227 si
983 1188 1101 1227 nulla
1122 1187 1382 1229 intercessio
1413 1188 1549 1232 inter·

225 1257 372 1314 posita
414 1270 525 1307 erat,
579 1257 626 1299 in
666 1256 925 1313 suffragium
964 1260 1152 1313 populus
1193 1258 1455 1300 mittebatur
1493 1262 1546 1302 ab

225 1330 449 1385 Epistata,
499 1327 882 1371 consentientibus
924 1327 1105 1384 reliquis
1151 1329 1379 1384 Pmcchis,
1427 1333 1549 1373 unde

226 1402 364 1442 modo
396 1399 617 1457 Epistata‚
658 1401 790 1440 modo
830 1398 1012 1441 Proedri
1045 1399 1304 1456 suffragium
1344 1402 1445 1442 dare
1477 1401 1549 1442 di-

226 1477 466 1522 cuntur¹⁴),
509 1469 722 1526 quoniam
761 1484 903 1525 neque
943 1469 1166 1525 Epistatae
1208 1472 1411 1512 voluntas
1442 1486 1550 1513 con-

226 1551 294 1581 tra
326 1543 593 1598 collegarum
623 1539 942 1588 interdictum,
986 1555 1132 1596 neque
1172 1543 1332 1581 horum
1365 1541 1551 1592 permis-

229 1611 297 1654 sio
338 1613 435 1655 sine
478 1611 599 1653 illius
639 1625 857 1652 consensu
901 1610 1144 1667 quidquam
1185 1611 1369 1653 valebat.
1404 1625 1407 1628 ‘
1439 1615 1551 1655 Pro-

229 1683 379 1740 prium
412 1696 561 1727 autem
580 1687 662 1725 hac
687 1686 740 1725 (le
762 1697 808 1724 re
830 1683 1101 1723 vocabulum
1134 1692 1199 1722 est
1231 1684 1551 1737 ἐπιψηφίζειν”)

281 1810 337 1850 ιο)
363 1810 452 1852 Vel,
477 1817 519 1845 ut
543 1811 606 1845 alii
640 1810 789 1852 volunt,
823 1805 1070 1853 ἐπόμνυσθαι.
1107 1807 1157 1841 cf.
1186 1808 1316 1841 Luzac.
1342 1819 1380 1852 p.
1409 1820 1484 1855 1¹9·
1512 1816 1551 1844 et

229 1880 298 1903 nos
323 1870 421 1904 infra
450 1872 475 1907 1.
511 1874 561 1906 ΙΙ.

282 1941 336 1983 11)
363 1940 551 1975 Plutarch.
586 1939 737 1974 Aristid.
775 1951 806 1973 c.
833 1949 864 1982 3.
899 1933 1020 1972 Πάλιν
1051 1932 1087 1970 δὲ
1120 1933 1265 1982 γράψας
1296 1936 1380 1972 uva?
1402 1936 1551 1984 γνώμην

231 1997 281 2034 εἷς
314 1999 379 2034 τόν
412 1998 552 2045 δῆμον,
590 1997 798 2046 ἀντιλογίας
831 1997 934 2041 οὔσης
967 1995 1059 2040 πρός
1095 1995 1207 2040 αιῗτήν
1232 2001 1293 2032 καὶ
1320 1997 1548 2042 φιλονεικίας,

228 2057 384 2102 ἐκράτει.
410 2060 608 2106 μέλλοντος
631 2059 675 2099 δὴ
693 2058 760 2094 τοῦ
793 2058 979 2105 Προὲδρου
1009 2056 1076 2092 τόν
1109 2055 1224 2102 δῆμον
1248 2057 1455 2103 ἐπερωτᾷν,
1490 2056 1552 2094 αι’-

233 2118 415 2165 σθόμενος
439 2121 478 2157 ἐκ
501 2120 575 2158 τῶν
598 2121 716 2168 λόγων
741 2117 861 2157 αὐτῶν
885 2117 927 2154 τό
954 2115 1186 2164 οἷσῦμφορον,
1223 2115 1453 2162 α’πέστηιτοῦ
1475 2130 1551 2164 ψη-

236 2183 425 2225 φίσματοσ.

283 2250 340 2292 12)
367 2250 459 2286 Plat.
486 2253 642 2297 Apolog.
669 2264 706 2297 p.
732 2262 787 2296 32.
815 2262 846 2284 a.

284 2320 339 2362 13)
367 2319 560 2355 Demosth.
588 2320 669 2355 adv.
688 2319 889 2354 Timocrat.
916 2330 951 2363 p.
980 2318 1058 2364 716.

284 2388 338 2430 ¹4)
367 2401 398 2422 v.
424 2390 620 2423 Demosth.
646 2389 727 2423 adv.
753 2388 969 2422 Androtion.
998 2400 1033 2432 p.
1059 2387 1139 2431 596.
1165 2384 1334 2430 Xenoph.
1366 2385 1550 2420 Memorr.

235 2446 266 2479 1.
297 2458 326 2480 ι.
355 2453 407 2487 18.
435 2451 606 2485 Aeschin.
633 2450 712 2484 adv.
741 2449 972 2493 ctesiphont.
998 2460 1034 2493 p.
1060 2448 1138 2492 465.
1174 2446 1237 2479 ubi
1259 2443 1436 2491 πρόεδρος
1461 2446 1553 2481 dici-

235 2512 300 2541 tur
322 2519 390 2553 pro
413 2506 636 2557 Ἐπιστάτῃ,
673 2509 772 2555 quod
804 2509 895 2543 alibi
930 2519 1078 2555 quoque
1102 2505 1448 2552 frequentissimum
1481 2513 1549 2542 est.

238 2568 293 2602 Id.
321 2569 369 2604 ib.
396 2582 431 2615 p.
465 2582 542 2616 430.
571 2571 616 2604 de
642 2571 722 2604 fals.
758 2570 831 2615 leg.
856 2581 892 2614 p.
921 2581 996 2614 243.
1032 2575 1102 2603 etc.

288 2630 341 2672 15)
377 2643 410 2665 v.
446 2631 700 2667 Hemsterhus.
735 2631 781 2665 ad
813 2631 966 2666 Lucian.
1000 2630 1149 2664 Timon.
1192 2629 1299 2663 Tom.
1335 2630 1364 2663 1.
1397 2639 1435 2674 p.
1468 2638 1549 2673 414.

235 2689 384 2735 Bipont.

1698 580 1702 587 .
1682 533 1703 557 ,ἑ
1689 408 1704 523 m
1682 275 1702 398 ..τι-εὶ-
