1706 3058
1346 161 1401 219 93

76 270 164 316 Sed
195 268 270 311 illa
299 265 465 310 mensis
506 265 722 309 correctio
773 270 863 319 jam
904 280 926 308 a
969 264 1173 310 corsinio
1218 259 1404 322 probata

75 353 167 398 est,
201 355 346 397 neque
385 337 519 380 dubia
550 354 643 380 esse
678 349 824 395 potest
855 337 1089 393 cuiquam,
1134 338 1211 394 qui
1256 354 1403 381 rerum

71 424 293 469 gestarum
325 410 508 461 seriem,
540 411 916 467 quemadmodum
950 425 1000 449 ex
1033 410 1247 450 Aeschine
1278 411 1402 452 colli-

69 481 214 540 gitur,
257 481 533 524 intellexerit.
606 485 756 537 ltaque
798 495 900 522 cum
942 479 1199 534 Prytaniam
1229 494 1401 537 gereret

68 553 214 595 tribus
262 552 528 601 Pandionis,
582 551 656 594 cui
697 554 1014 594 accensebatur
1058 556 1399 603 Demosthenes,

69 635 269 680 apparet,
312 626 431 666 hunc
469 624 546 665 illo
587 634 790 680 tempore
821 639 963 666 unum
1005 639 1027 665 e
1058 623 1219 665 decem
1254 624 1402 669 Proe-

69 695 167 737 dris
211 695 538 756 contribulibus
580 695 715 736 fuisse
729 711 753 747 3.
782 710 885 736 nam
917 709 1027 752 quae
1060 694 1202 736 tribus
1234 696 1399 753 vigesi—

68 781 144 808 mo
181 769 377 809 secundo
415 766 774 822 Elaphebolionis
818 766 916 816 die.
957 777 1032 808 aut
1065 778 1180 808 certe
1222 766 1399 810 circiter

66 840 191 880 hunc
223 838 358 891 diem,
389 836 571 880 Senatui
593 837 869 893 praesidebat
903 837 1193 894 (ἐπρυτάνευε)
1213 841 1400 882 eandem

69 910 204 952 etiam
225 908 441 966 vigesimo
465 921 619 963 quarto
640 909 913 964 praesedisse
947 919 1147 964 oportet3
1182 921 1247 949 est
1278 910 1401 953 enim

69 992 250 1023 octavae
276 979 532 1036 prytaniae‚
567 995 676 1035 quae
708 979 755 1020 in
785 979 1178 1035 Elaphebolionem
1222 979 1398 1033 incidit,

66 1051 251 1093 initium
282 1061 358 1091 aut
387 1049 651 1098 undecimo,
685 1060 780 1097 aut,
813 1049 849 1091 si
883 1050 996 1090 forte
1027 1048 1302 1092 intercaiaris
1325 1067 1395 1094 an-

64 1135 150 1164 nus
181 1120 263 1170 sit,
304 1123 499 1163 secundo
532 1120 917 1178 Elaphebolionis‚
961 1121 1106 1162 exitus
1139 1133 1290 1162 autem
1321 1135 1400 1165 aut

66 1193 243 1236 decimo
286 1193 472 1249 septimo
512 1203 591 1234 aut
645 1192 883 1233 undecimo
932 1191 1256 1245 Munychionis
1312 1195 1397 1240 die.

57 1269 292 1310 Praeterea
323 1280 374 1305 ex
404 1264 492 1305 alio
529 1264 766 1308 Aeschinis
809 1265 973 1317 loco²¹)
1017 1274 1219 1319 apparet,
1261 1266 1398 1310 etiam

63 1337 268 1395 proximo
309 1335 340 1378 i.
384 1351 423 1380 e.
462 1334 682 1393 vigesimo
718 1334 878 1392 quinto
917 1335 1283 1390 Elaphebolionis
1325 1338 1399 1380 die

59 1411 417 1452 ‘Demosthenem
445 1409 693 1449 Proedrum
734 1407 894 1461 fuisse3
936 1408 1056 1463 quod
1088 1406 1136 1447 in
1167 1410 1398 1451 contribu-

56 1483 128 1523 ·les
157 1481 374 1525 Proedros
407 1480 558 1520 cadere
588 1488 760 1533 potest,
800 1492 992 1533 quorum
1022 1484 1220 1534 προεδρία
1254 1494 1396 1537 septe-

62 1566 228 1594 norum
259 1549 434 1592 dierum
467 1560 578 1602 crat,
611 1548 657 1588 in
690 1548 812 1601 illos,
845 1562 954 1603 quos
987 1552 1397 1595 non-contribules

65 1622 277 1670 diximus,
309 1622 466 1662 cadere
497 1634 588 1661 non
619 1628 783 1675 potest,
815 1618 1026 1674 quoniam
1057 1622 1218 1665 horum
1249 1625 1396 1666 honor

60 1691 218 1751 paucis
248 1691 382 1733 unius
414 1690 504 1731 diei
547 1689 670 1731 horis
714 1689 1087 1746 definiebatu122).

109 1819 168 1862 21)
194 1817 284 1851 Adv.
320 1815 556 1861 ctesiphont.
582 1827 618 1861 p.
646 1816 726 1862 463.

110 1888 169 1931 22)
195 1884 436 1931 Antiphontis
456 1896 608 1930 quoque
624 1886 753 1920 Iocum
776 1884 1006 1931 adscribam,
1033 1887 1097 1935 qui
1121 1888 1220 1926 hanc
1245 1890 1291 1927 de
1302 1893 1391 1939 Pry-

62 1948 224 1990 mnibus,
249 1947 433 1992 populum
451 1946 492 1979 in
502 1947 722 1992 suffragium
737 1948 988 1992 mittentibus,
1015 1953 1244 1987 sententiam
1255 1955 1396 1989 confir-

63 2016 153 2045 mat.
180 2011 266 2055 περὶ
290 2006 359 2042 τοῦ
379 2019 456 2052 χορ.
482 2018 518 2051 p.
546 2020 624 2055 790.
638 2009 684 2043 R.
715 2009 790 2053 146.
817 2020 873 2056 37.
901 2010 1025 2055 Steph.
1055 2012 1308 2056 πρυτανεύσας
1327 2016 1396 2061 ’τήν

62 2067 218 2119 πρώτην
235 2070 461 2116 πρυτανείαν
484 2064 649 2113 ἅπασαν,
674 2069 771 2115 πλῆν
790 2066 893 2106 δυοῖν
911 2068 1084 2117 ῆμέραιν,
1110 2077 1171 2107 καὶ
1193 2071 1396 2120 ἱεροποιῶν

63 2136 126 2168 καὶ
151 2127 257 2166 θῦων
288 2125 378 2173 ninii)
409 2126 473 2171 τῆς
503 2125 645 2168 πόλεως
673 2137 734 2167 καὶ
767 2131 1001 2176 ἐπιψηφίζων
1025 2137 1087 2167 καὶ
1111 2133 1225 2180 λέγων
1248 2132 1394 2181 γνώμας

61 2196 151 2237 περὶ
174 2190 248 2226 τῶν
272 2189 450 2235 μεγίστων
472 2190 535 2222 καὶ
559 2188 730 2225 πλείστου
755 2186 872 2232 niglam
896 2192 943 2240 τῇ
965 2190 1074 2229 πόλει
1099 2195 1255 2240 φανερός
1276 2192 1393 2241 ἦν.-

61 2253 247 2288 Ceterum
269 2248 370 2283 haud
394 2248 564 2293 apposite
588 2260 610 2282 a
633 2250 792 2284 Luzacio
825 2252 872 2285 ad
895 2251 992 2287 hanc
1026 2254 1073 2288 de
1098 2256 1273 2290 Proedris
1307 2269 1391 2292 sen-

61 2313 223 2353 tentiam
253 2309 483 2356 probandam
516 2309 691 2344 laudatur
732 2312 956 2356 Aeschines,
991 2314 1073 2349 adv.
1110 2317 1275 2362 ctesiph.
1308 2324 1389 2363 384,

61 2376 143 2419 385.
178 2373 244 2418 qui
277 2372 383 2406 locus
415 2371 550 2415 probat
581 2369 755 2416 quidem,
789 2374 997 2417 Proedros,
1034 2376 1098 2421 qui
1130 2378 1315 2422 populum
1349 2380 1389 2413 in

63 2433 285 2479 suffragium
307 2432 524 2474 mitterent,
552 2432 668 2466 fuisse
693 2432 916 2478 Senatores;
952 2442 991 2470 at
1015 2447 1058 2470 ex
1085 2447 1130 2471 eo
1154 2448 1231 2471 non
1256 2450 1388 2472 conse-

62 2494 212 2541 quitur,
239 2493 341 2540 quod
363 2494 442 2527 vult
460 2493 652 2535 Luzacius,
678 2504 743 2527 eos
767 2494 883 2529 etiam
906 2496 1088 2541 Prytanes
1111 2497 1240 2532 fuisse.
1291 2501 1388 2533 Narri

62 2554 148 2601 quis
172 2565 338 2600 unquam
360 2554 512 2600 negavit
526 2578 535 2596 ‚
561 2554 675 2588 etiam
697 2566 836 2589 novem
860 2556 1047 2591 Proedros
1082 2560 1388 2593 non-contribu-

61 2615 119 2649 les
142 2615 260 2649 fuisse
283 2615 480 2650 Senatores
494 2615 511 2648 ?
545 2614 723 2651 Profecto
755 2627 881 2664 neque
900 2619 1117 2664 Corsiaius,
1151 2631 1276 2666 neque
1299 2621 1384 2654 Bias

62 2675 168 2721 gius,
192 2686 317 2724 neque
335 2674 591 2711 Grammatioi.
