1706 3058
262 140 341 185 158

258 252 477 304 cujusque
504 245 742 301 Prytaniae
765 243 961 294 ecclesia,
994 259 1108 302 quae
1147 249 1269 304 κυρία
1299 248 1582 302 dicebatur),

256 322 546 376 ὃπιχειροτονία
578 317 893 359 instituebatur
932 317 1291 374 magistratuum,
1333 318 1517 375 quibus,
1547 321 1583 369 εἰ

256 392 370 434 male
402 389 529 447 fungi
562 403 746 430 munere
784 402 866 430 suo
899 387 1181 440 viderentur,
1225 391 1368 431 honor
1397 374 1583 449 abrogat.

256 466 409 508 batur;
440 458 887 502 extraordinariorum
908 457 1148 501 criminum
1167 458 1425 513 delationes,
1455 465 1585 520 εἷσαν..

257 539 395 594 γελίαι,
429 532 483 572 ad
513 533 734 587 populum
766 532 1094 577 ‹leserebantur3
1133 532 1358 573 bonorum
1387 533 1585 589 publica.

256 618 407 648 torum
448 603 624 645 tabulae
662 601 989 651 recitabantur;
1032 602 1298 644 hereditates
1339 619 1363 644 a
1403 603 1584 648 civibus

256 687 407 732 captae
437 675 604 731 populo
637 673 1019 716 renuntiabantur.
1078 673 1127 712 In
1167 675 1360 715 secunda
1401 675 1584 718 ecclesia

255 745 416 790 concio
451 747 636 787 dabatur
666 745 746 794 iis,
793 744 893 800 qui,
937 742 1131 798 supplici
1170 757 1290 784 ramo
1335 746 1582 802 proposito,

254 821 309 862 de
339 815 525 875 privatis
557 827 634 858 aut
663 815 853 872 publicis
883 814 1012 856 rebus
1046 811 1227 853 dicendi
1269 816 1446 857 veniam
1477 831 1586 873 pos-

252 894 423 934 cebant.
483 892 532 931 In
565 886 694 929 tertia
725 898 975 928 exterarum
1005 882 1241 926 civitatum
1273 887 1584 932 caduceatores

254 973 300 1004 et
329 959 462 1017 legati
495 961 549 1002 ad
579 960 799 1016 populum
821 957 1197 1013 producebantur.
1256 958 1308 996 In
1340 968 1493 1012 quarta
1515 959 1586 999 de-

253 1032 397 1089 nique
456 1033 512 1073 de
568 1025 667 1072 aliie
718 1031 845 1070 rebus
907 1025 1040 1069 sacris
1087 1024 1373 1083 publicisque
1421 1037 1584 1071 tracta·-

254 1107 383 1147 batur
397 1109 446 1159 ⁵).

340 1178 430 1220 Sed
470 1177 591 1234 quod
633 1173 681 1217 in
723 1171 990 1232 quibusdam
1021 1167 1310 1218 civitati-bus,
1352 1183 1465 1225 quae
1493 1165 1586 1213 ari-

251 1245 486 1290 stocratico
518 1246 659 1303 magis
691 1260 822 1302 quam
861 1241 1067 1299 populari
1104 1239 1294 1296 imperio
1326 1242 1581 1290 utebantur,

248 1321 380 1361 -velut
412 1319 530 1374 apud
561 1315 962 1366 Lacedaemonios,
1004 1324 1184 1355 cautum
1228 1310 1366 1353 fuisse
1407 1311 1584 1369 accepi-

251 1390 424 1447 mus⁶)‚
465 1401 518 1431 ut
555 1388 698 1430 omnis
740 1384 899 1443 populi
954 1383 1002 1426 in
1055 1381 1250 1426 comitiis
1299 1394 1491 1438 potestas
1532 1384 1582 1426 in

251 1459 570 1505 confirmandis
602 1456 812 1514 suffragio
843 1470 922 1496 suo
955 1464 1034 1496 aut
1073 1451 1333 1505 rejiciendis
1369 1457 1582 1498 Senatus-

253 1530 472 1576 consultis
505 1540 777 1578 versaretur,
817 1541 964 1582 neque
1000 1524 1159 1566 liceret
1199 1522 1410 1580 cni-quam
1439 1542 1462 1568 e
1493 1543 1582 1584 po-

251 1607 362 1663 pulo
394 1600 665 1656 sententiam
696 1612 942 1656 proponere
973 1599 1160 1645 Senatus
1192 1594 1446 1639 auctoritati
1470 1613 1584 1656 μορ-

251 1674 457 1718 uariam:
507 1673 554 1716 id
595 1674 738 1714 multo
782 1670 909 1711 aliter
948 1668 1131 1711 Athenis
1170 1666 1306 1708 fuisse
1336 1670 1421 1719 jam
1450 1684 1581 1727 supra

251 1748 465 1790 vidimus.
529 1746 599 1787 Ne
630 1754 778 1784 tamen
809 1739 963 1782 nimis·
986 1738 1124 1784 libera
1156 1749 1268 1779 esset
1299 1749 1341 1780 et
1370 1739 1582 1784 effrenata

249 1829 446 1877 potestas
488 1817 839 1871 demagogorum
889 1809 1295 1866 seditiosorumque
1344 1811 1582 1856 hominum

253 1886 505 1946 eloquentia
535 1887 583 1927 in
615 1882 906 1926 concionibus
941 1880 1300 1932 dominantium,
1341 1883 1428 1923 duo
1459 1895 1582 1925 erant
1638 1900 1641 1908 ¹

251 1960 451 2005 remedia
482 1974 504 2000 a
537 1958 700 2000 Solone
727 1952 1050 2011 sapientissime
1082 1951 1348 2010 excogitata:
1379 1954 1579 2004 alterum,

250 2049 309 2076 ne
341 2030 461 2089 quod
491 2026 748 2085 Psephisma
780 2039 804 2066 a
835 2039 1059 2082 quoquam
1101 2025 1155 2065 ad
1194 2024 1412 2080 populum
1444 2025 1582 2068 ferre-

251 2114 340 2153 tur,
372 2100 458 2144 nisi
489 2097 827 2156 comprobatum
846 2107 973 2138 antea
995 2111 1019 2137 a
1048 2093 1254 2138 Proedris
1279 2093 1579 2157 Nomophyla·

253 2172 496 2229 cibusque,
528 2167 757 2227 suggestui
788 2166 1082 2210 assidentibus
1097 2171 1152 2219 7);
1197 2166 1382 2210 alterum
1414 2177 1579 2220 autem,

252 2256 327 2295 ut,
369 2244 446 2301 qui
487 2245 631 2300 legem
669 2239 879 2282 inutilem
916 2249 994 2283 aut
1040 2235 1340 2295 perniciosam
1389 2235 1577 2285 tulisset,

251 2318 369 2359 male
389 2326 567 2372 rogatae
587 2313 710 2372 legis,
741 2311 1006 2371 παρανόμων,
1037 2308 1229 2353 accusari
1252 2318 1403 2365 posset
1423 2321 1447 2351 a
1471 2321 1579 2365 quo-

300 2473 338 2517 4)
364 2470 447 2504 Vid.
476 2481 576 2516 supr.
604 2470 686 2504 Lib.
715 2472 745 2504 Ι.
773 2479 852 2516 cap.
882 2480 912 2504 ι.

299 2541 337 2586 5)
365 2540 436 2575 Iul.
464 2538 596 2573 Pollux
621 2540 725 2573 VIII.
760 2550 818 2585 95.
853 2538 902 2573 cf.
929 2538 1151 2584 Harpocrat.
1183 2548 1219 2571 v·
1253 2534 1361 2582 κυρία
1395 2529 1576 2587 ἐκκλησίᾳ.

301 2610 337 2652 6)
366 2605 554 2643 Plutarch.
583 2609 744 2654 Lycurg.
772 2621 804 2643 c.
830 2608 864 2644 6.

301 2678 337 2725 7)
366 2679 407 2710 V.
435 2687 534 2723 supr.
564 2677 644 2711 Lib.
680 2678 708 2711 1⁴
738 2689 817 2722 cap.
847 2678 910 2711 XI.

512 2737 517 2753 Ι
