1706 3058
244 68 325 111 524

243 187 324 233 ptu
355 173 448 231 ipse
478 182 753 214 commentus
784 185 878 214 esse
906 170 1052 214 videri
1082 172 1246 214 debet?
1274 192 1331 206 ·-
1387 176 1562 217 Utrum-

247 262 355 305 que,
389 245 497 287 mihi
531 246 682 297 crede,
715 258 765 284 ex
799 243 953 283 eodem
986 244 1108 284 fonte
1138 244 1357 295 manavit,
1386 257 1562 287 utrum-

246 333 332 375 que
363 314 723 358 commentitium
755 324 832 359 est.
895 316 1032 361 Nam,
1073 325 1126 355 ut
1164 325 1352 365 taceam,
1391 318 1563 359 nullam

247 404 338 431 esse
368 394 458 439 ejus
490 384 552 426 rei
585 383 886 432 mentionem,
918 385 1091 426 nullum
1123 384 1386 440 vestigium,
1419 401 1564 441 neque

246 462 361 516 apud
402 467 595 497 veterem
639 469 906 512 quemquam
944 455 1225 511 scriptorem,
1270 471 1414 512 neque
1443 458 1565 512 apud

245 530 351 573 alios
387 525 737 574 Grammaticos,
780 527 878 582 quis
920 536 1006 579 est,
1060 525 1139 581 qui
1180 529 1437 581 persuadere
1477 525 1564 568 sibi

245 599 409 658 possit,
451 610 540 640 tam
573 599 737 638 multos
769 596 1050 653 magistratus
1091 607 1178 635 tam
1210 598 1332 638 brevi
1367 610 1566 653 tempore

243 669 570 717 commendari,
603 666 772 724 rogari,
806 666 941 708 creari
973 666 1202 721 potuisse?
1254 667 1409 723 Quid?
1441 671 1565 724 quod

243 745 315 784 vel
347 757 398 783 ex
427 740 526 797 ipso
556 739 634 781 illo
667 737 900 794 quatriduo
926 735 1025 778 -dies
1057 751 1173 778 unus
1205 749 1249 778 et
1278 740 1386 779 alter
1417 739 1583 781 detra-0·

244 812 379 855 hendi
413 810 551 852 sunt?
613 812 724 851 Nam
757 819 1003 864 postremus
1034 807 1215 863 quidem
1248 809 1354 850 anni
1386 810 1478 851 dies
1497 812 1564 852 fe-

245 896 338 927 stus
381 893 489 931 erat;
532 895 651 922 sacra
690 879 855 920 fiebant
883 878 983 919 Jovi
1014 879 1296 934 Sospitatori,
1326 895 1468 938 neque
1501 883 1564 924 fas

245 968 338 1000 erat
369 970 420 997 eo
453 953 526 994 die
557 951 719 1004 judicia
752 948 919 995 haberi,
953 948 1083 1001 Lysia
1115 961 1222 991 teste
1236 952 1302 1004 ⁶³).
1363 955 1485 994 Num
1515 965 1564 995 tu

245 1028 387 1085 igitur
398 1022 582 1066 comitia
595 1020 747 1063 haberi
762 1021 823 1061 fas
837 1020 970 1061 fuisse
987 1003 1118 1074 putas
1129 1022 1149 1062 ’ἓ
1179 1022 1391 1064 Proximo
1413 1035 1564 1067 autem

245 1099 342 1148 die,
383 1095 461 1154 qui
493 1105 585 1136 erat
615 1092 719 1133 anni
750 1089 1046 1147 penultimus,
1086 1092 1255 1143 judicia
1285 1093 1431 1134 habita
1455 1108 1563 1143 esse,

246 1187 298 1213 ex
328 1169 522 1221 ejusdem
552 1162 710 1218 Lysiae
741 1161 942 1202 oratione
975 1160 1022 1201 iu
1062 1164 1322 1205 Euandrum
1364 1166 1563 1220 patet⁶⁴).

244 1242 381 1298 Igitur
411 1221 592 1279 comitia
622 1248 676 1274 eo
708 1232 782 1273 die
812 1230 964 1272 haberi
1004 1245 1097 1272 non
1126 1245 1342 1288 poterant.
1402 1237 1566 1290 Super-

246 1323 312 1355 est
351 1307 490 1364 igitur
526 1319 578 1346 ex
618 1301 857 1359 quatriduo
898 1301 1105 1352 biduum,
1153 1302 1565 1360 Scirrhophorionis

244 1387 289 1428 d.
321 1381 450 1424 XXVI
480 1386 525 1418 et
555 1376 715 1416 XXVII.
773 1371 858 1414 Sed
895 1370 1115 1428 vigesimo
1146 1374 1338 1429 septimo
1367 1373 1564 1416 Scin-ho-

245 1447 482 1512 phorionis
508 1444 581 1486 die
596 1441 780 1485 comitia
800 1441 946 1483 habita
966 1441 1171 1485 videmus
1194 1443 1564 1496 extraordinaria,

244 1526 296 1567 in
317 1522 510 1566 Piraeeo,
545 1517 599 1557 de
620 1513 848 1555 navalibus
862 1515 927 1565 6’).
989 1516 1146 1570 Neque
1180 1515 1317 1572 igitur
1346 1517 1495 1572 potuit
1525 1516 1564 1558 is

246 1596 341 1638 dies
363 1588 706 1647 magistra-tuum
727 1583 949 1626 creationi
977 1584 1150 1639 legibus
1180 1586 1423 1629 destinatus
1455 1603 1563 1630 esse.

246 1664 360 1724 Quis
401 1651 548 1703 autem
588 1667 678 1697 tam
720 1656 880 1697 stultus
923 1665 1010 1707 cst,
1049 1654 1130 1710 qui
1162 1659 1333 1707 credat,
1365 1672 1564 1715 unquam

245 1734 343 1779 fieri
373 1729 592 1789 potuisse,
635 1738 686 1768 ut
715 1739 807 1767 uno
838 1724 911 1766 die
941 1739 1094 1766 omnes
1126 1728 1408 1783 magistratus
1436 1748 1565 1785 χειρο-

243 1806 409 1859 τονητοὶ
437 1817 461 1843 a
489 1800 657 1855 populo
697 1796 981 1837 crearentur?
1040 1795 1234 1838 Comitia
1271 1798 1353 1841 ista
1395 1799 1443 1841 in
1483 1801 1562 1844 Pi-

246 1889 372 1919 raeeo
423 1865 757 1914 extraordinaria
805 1865 997 1908 fuerunt.
1077 1868 1218 1923 Vulgo
1260 1868 1451 1913 biduum
1492 1873 1563 1931 ἆρ-

244 1948 462 2003 χαιρεσίαις
510 1944 661 1983 datum
709 1947 813 1978 erat.
896 1938 1002 1978 Non
1052 1937 1190 1992 magis
1241 1939 1378 1983 biduo
1426 1943 1563 1986 creari

243 2025 461 2073 poterant.
522 2008 676 2067 Quid?
707 2021 807 2049 cum
838 2007 884 2048 in
915 2005 1139 2058 judicium
1179 2012 1417 2065 δοκιμασίας
1444 2016 1563 2070 apud

246 2085 460 2128 Heliastas
492 2077 708 2136 designati
741 2075 1024 2134 magistratus
1053 2075 1332 2128 vocarentur,
1364 2081 1414 2123 id
1440 2086 1563 2139 quod

293 2211 352 2255 63)
379 2209 487 2244 Orat.
513 2207 551 2241 in
574 2204 811 2246 Euandrum,
835 2213 872 2248 p.
903 2213 976 2248 175.
1003 2204 1058 2248 36.
1095 2203 1154 2237 Cf.
1180 2215 1279 2250 supr.
1305 2218 1385 2253 cap.
1411 2208 1456 2243 X.
1481 2210 1557 2254 huj.

246 2269 332 2304 libr.

290 2339 350 2381 64)
386 2336 479 2371 naid.
513 2331 582 2368 lin.
608 2335 662 2378 36.
690 2343 803 2379 quem
835 2332 960 2366 locum
984 2332 1024 2366 in
1058 2334 1230 2369 versione
1263 2346 1461 2382 perperam
1498 2351 1558 2374 ex-

247 2399 383 2445 pressit
407 2395 596 2436 Reiskius,
625 2399 848 2439 quamquam
872 2400 975 2427 recte
1004 2406 1025 2427 a
1050 2395 1296 2429 Marcklando
1323 2399 1560 2444 explicatum,

245 2460 317 2493 nisi
340 2457 439 2504 quod
463 2456 523 2489 hic
546 2454 854 2488 Thesmothetam
877 2454 1093 2490 Euandrum
1118 2462 1287 2490 creatum
1311 2469 1391 2503 esse
1415 2465 1534 2504 putat.

292 2527 351 2571 65)
377 2523 570 2559 Demosth.
597 2523 644 2556 de
669 2523 749 2557 fals.
774 2522 887 2567 legat.
915 2535 950 2567 p.
975 2533 1053 2570 359.
1081 2524 1160 2568 360.
1186 2524 1365 2561 Adhibuit
1387 2527 1486 2563 hunc
1502 2528 1559 2563 lo-

246 2599 332 2622 cum
355 2587 469 2621 etiam
495 2583 700 2624 Corsinius,
726 2583 750 2617 1.
777 2583 801 2618 l.
830 2584 878 2617 11.
909 2594 960 2627 15.
1429 2579 1431 2581 ’
