1706 3058
249 68 330 113 560

253 200 361 230 nere
389 187 571 245 quidem
597 178 651 229 cx
682 187 925 243 Hopletum
947 186 1066 231 tribu
1085 198 1234 238 -esset,
1267 197 1414 232 tamen
1433 224 1444 241 ,
1473 204 1578 234 cum

254 259 464 316 plurimis
504 259 617 299 inter
657 259 891 300 Geleontes
933 271 1146 316 cognatus
1180 271 1316 309 esset,
1358 260 1491 303 etiam
1523 263 1580 303 ad

255 330 497 371 sacerdotia
528 329 859 378 admitteretur3
893 332 1138 388 eodemque
1169 333 1306 374 modo
1339 346 1362 373 e
1392 333 1577 374 Geleon-

252 412 352 442 tum
385 414 562 456 quoquc
592 401 711 441 tribu
742 401 873 442 multi
905 400 1144 444 militarem
1175 401 1318 443 vitam
1348 404 1580 459 amplecte·

253 485 418 515 rentur.
490 475 551 513 Ita
592 471 726 513 etiam
765 488 817 514 ex
861 472 1068 528 Argadeis
1108 473 1341 521 nonnulli,
1392 476 1580 525 majores

253 544 484 584 facultates
525 543 670 592 nacti,
713 559 737 586 e
778 543 980 585 clientela
1019 543 1067 585 in
1099 545 1346 586 libertatem
1378 559 1425 585 se
1455 545 1582 585 adse.

254 625 462 660 ruerunt,
513 626 588 654 aut
631 630 653 654 e
695 613 976 657 mercenariis
1016 629 1286 670 possessores
1321 615 1425 656 facti
1465 625 1583 658 sunt.

252 682 341 727 Alii
374 695 526 725 contra
560 700 610 725 ex
640 689 893 741 Αἰγικορέων
925 686 1070 736 tribu,
1103 696 1180 725 aut
1211 699 1307 726 aere
1338 684 1485 726 alieno
1507 695 1583 727 aut

251 755 557 812 potentiorum
591 754 765 807 injuriis
780 756 994 812 oppressi.
1027 756 1073 796 in
1105 756 1358 798 clientelam
1390 770 1482 797 sese
1506 769 1583 798 no-

250 826 419 867 bilibus
452 825 668 868 dicarunt.
729 830 870 882 Atque
902 829 954 868 ab
986 826 1054 868 his
1086 826 1231 867 initiis
1256 838 1351 868 orta
1382 825 1583 868 tribuum

250 897 491 954 permixtio
544 899 777 954 paullatim
827 897 1005 954 longius
1053 899 1237 954 serpsit,
1289 913 1432 954 eoque
1481 909 1584 939 tan-

251 971 353 1010 dem
393 969 628 1024 processit,
682 980 731 1011 ut
772 968 944 1010 nobiles
988 980 1031 1009 et
1070 968 1257 1024 plebeji,
1304 968 1432 1010 liberi
1474 969 1585 1010 fun-

253 1043 416 1082 dorum
461 1055 731 1096 possessores
785 1050 827 1080 et
877 1040 1183 1095 potentiorum
1226 1039 1407 1082 clientes
1449 1050 1583 1096 atque

249 1111 513 1153 mercenarii
575 1125 667 1152 non
730 1110 822 1151 suis
893 1110 1061 1167 quique
1120 1110 1327 1152 tribubus
1387 1111 1583 1160 discreti,

247 1185 326 1224 sed
368 1182 414 1223 in
455 1180 663 1223 omnibus
704 1180 906 1236 permisti
948 1193 1104 1224 essent.
1183 1186 1336 1238 Itaque
1385 1180 1586 1224 confusis

248 1251 372 1292 vitae
423 1251 686 1308 generibus,
755 1250 938 1292 nomina
991 1253 1172 1307 quidem
1222 1265 1372 1295 vetera
1433 1252 1587 1294 tribu·-

253 1324 335 1364 bus
375 1321 532 1362 relicta
583 1331 710 1369 sunt,
762 1323 839 1361 sed
886 1321 1039 1363 amissa
1081 1323 1428 1380 significationis
1469 1323 1589 1364 veri-

248 1404 353 1435 tate.
424 1395 566 1447 Atque
605 1391 713 1432 inde
743 1405 863 1432 nova
900 1394 1119 1448 quaedam
1162 1392 1376 1435 ordinum
1417 1392 1587 1435 descri-

247 1464 345 1521 ptio
386 1474 512 1505 enata
553 1474 639 1511 est,
693 1466 819 1513 cujus
864 1474 1089 1506 auctorem
1128 1465 1303 1506 fabulae
1354 1466 1584 1507 Theseum

249 1535 502 1577 nominant.
562 1532 739 1576 Primus
771 1535 878 1575 ordo
912 1546 1004 1576 erat
1036 1533 1323 1591 Εὐπατριδῶν,
1359 1535 1584 1578 nobilium

250 1620 332 1647 seu
350 1603 655 1660 patriciorum,
691 1604 768 1659 qui
793 1607 953 1647 eodem
984 1607 1074 1647 fere
1101 1610 1198 1658 jure
1231 1621 1280 1647 ac
1310 1607 1409 1647 loco
1443 1618 1584 1660 erant,

250 1691 363 1733 quo,
408 1687 508 1716 ante
540 1674 738 1716 tribuum
769 1675 1139 1730 permixtionem,
1185 1678 1418 1718 Geleontes
1450 1687 1584 1733 atque

246 1748 462 1801 Hopletes
504 1746 692 1787 fuerant.
763 1747 884 1786 Alter
925 1749 1033 1788 ordo
1075 1758 1167 1789 erat
1208 1747 1457 1803 Γεωμόρων,
1505 1747 1583 1805 qui

251 1828 380 1858 erant
421 1817 659 1857 fundorum
701 1829 998 1871 possessores,
1037 1829 1426 1874 successerantque
1467 1833 1584 1875 quo-

253 1890 491 1930 dammodo
526 1886 573 1927 in
604 1889 858 1942 Αἰγικορέων
888 1888 1061 1937 locum;
1105 1887 1262 1931 tertius
1295 1896 1581 1946 Δημιουργῶν,

252 1958 302 1998 in
333 1973 422 2015 quo
457 1956 616 2000 ordine
647 1958 941 1999 censebantur
972 1972 1127 1999 omnes
1159 1959 1419 2002 mercenarii
1451 1971 1582 2018 atque

253 2030 439 2072 clientes
455 2035 520 2082 ³⁵).

340 2103 596 2143 Secundum
639 2102 752 2141 hanc
791 2100 925 2142 trium
977 2099 1186 2143 ordinum
1235 2102 1578 2160 descriptionem

254 2171 455 2229 singulae
497 2172 637 2213 tribus
678 2171 725 2212 in
770 2183 854 2213 tres
894 2183 1038 2228 partes
1081 2172 1249 2215 divisae
1282 2185 1424 2222 erant,
1469 2189 1583 2231 quae

254 2254 330 2284 aut
360 2246 474 2298 ἔθνη,
506 2255 582 2285 aut
612 2244 802 2301 τριττύες,
834 2242 1197 2298 frequentissime
1217 2256 1366 2287 autem
1389 2249 1582 2301 φρατρίαι

256 2313 346 2355 dici
376 2315 592 2372 solent³⁶).
654 2314 940 2373 Singularum
971 2314 1121 2372 itaque
1146 2316 1344 2358 tribuum
1377 2316 1581 2374 singulae

301 2479 360 2522 35)
388 2477 468 2511 Vid.
496 2479 560 2523 qui
584 2480 622 2513 in
648 2480 842 2525 prooemio
867 2479 1005 2513 laudati
1030 2486 1137 2521 sunt,
1170 2492 1205 2525 p.
1233 2481 1274 2513 V.

302 2547 361 2590 36)
390 2547 540 2590 Pollux,
569 2549 671 2581 VIII.
703 2561 773 2583 111.
795 2546 885 2584 “Ore
915 2554 1042 2593 μέντοι
1067 2552 1233 2593 τέσσαρες
1263 2545 1355 2591 ἦσαν
1389 2548 1432 2586 αἶ
1452 2551 1576 2595 φυλαὶ,

254 2603 302 2642 εἷς
336 2609 421 2652 τρία
455 2613 550 2653 μέρη
583 2606 714 2653 ἑκάστη
751 2607 919 2657 ὁ”ιῄρητο’
966 2615 1028 2644 καὶ
1059 2608 1103 2644 τό
1133 2615 1242 2657 μέρος
1275 2610 1385 2647 τοῦτο
1412 2609 1575 2647 ἐκαλεῖτο
