1706 3058
1311 129 1391 171 115

60 231 189 290 digni
230 229 375 272 videri
425 231 614 278 vellent,
664 230 1007 274 matrimonium
1055 233 1230 275 nullum
1278 249 1387 293 con-

0 322 2 325 ·
57 303 263 352 traxisse,
307 303 427 359 quod
459 315 549 343 non
583 313 699 343 esset
730 302 1009 358 legitimum,
1051 315 1095 345 et
1124 306 1284 347 fundos
1315 308 1386 349 in-

55 387 123 418 tra
152 374 324 416 Atticae
355 375 463 415 fines
506 373 744 429 possidere.
812 376 1034 416 Laudatur
1065 377 1285 428 ejusmodi
1317 380 1386 421 lex

55 463 81 489 a
119 446 433 496 Dinarcho²⁵)‚
480 446 553 486 sed
597 444 683 493 ita,
722 455 774 485 ut
814 446 933 485 haud
973 447 1104 488 facile
1145 447 1382 506 intelligas,

44 530 209 570 ,utrum
243 533 398 560 omnes
430 515 640 563 omnino,
689 515 767 571 qui
798 515 846 556 in
878 516 1074 558 comitiis
1105 522 1237 560 verba
1268 521 1382 563 faci-

55 602 144 639 ant,
178 604 227 631 ea
249 589 389 630 teneri
421 588 556 640 dicat,
587 603 642 628 an
675 587 828 643 potius
862 589 995 627 verba
1027 587 1125 630 illa:
1157 597 1214 648 τῷ
1241 592 1383 647 ῥήτορι

40 662 126 716 ,τήν
165 661 276 717 παρὰ
313 667 389 703 τοῦ
427 660 558 715 δήμου
597 663 729 702 πίστιν
769 658 950 710 ἀξιοῦντι
979 665 1136 717 λαβεῖν2
1169 661 1229 702 ita
1261 664 1382 705 acci-

39 732 218 790 -pienda
250 731 362 782 sint,
403 743 454 773 ut
485 730 775 788 designentur
806 728 863 777 ii,
905 730 983 785 qui
1014 747 1198 773 munere
1231 734 1381 791 aliquo

52 802 257 860 publico,
289 803 508 858 legatione
538 815 667 859 puta,
708 805 779 843 vel
810 801 1015 858 publicae
1047 818 1198 845 causae
1227 818 1382 860 patro-

53 875 177 918 cinio
228 873 417 930 aliisque
469 873 693 915 similibus
726 889 748 914 a
793 875 957 929 populo
992 874 1138 915 ornari
1179 878 1376 931 cupiant.

52 951 197 1003 Atque
238 949 323 988 hoc
355 946 536 1002 quidem
566 945 662 986 veri
694 945 875 985 videtur
905 943 1119 990 similius,
1164 948 1378 1002 quoniam

50 1033 209 1059 verum
241 1031 334 1058 nou
366 1028 451 1064 est,
484 1015 767 1072 pauperiores
793 1030 960 1063 omnes,
995 1015 1071 1071 qui
1102 1018 1262 1070 §nudos
1284 1035 1378 1061 non

50 1089 356 1146 possiderent,
390 1086 573 1128 dicendi
597 1091 694 1138 jure
711 1084 904 1140 privatos
926 1086 1079 1130 fuisse.
1139 1090 1377 1132 Aeschines

49 1159 171 1202 enim
212 1175 268 1201 ne
311 1174 384 1202 eos
427 1160 633 1216 quidem,
678 1156 757 1213 qui
799 1168 888 1198 arte
931 1157 1076 1214 aliqua
1117 1169 1160 1200 et
1191 1160 1375 1215 opificio

48 1219 359 1288 paupertatem
396 1246 523 1272 suam
563 1239 888 1280 sustentarent,
944 1231 1031 1271 hoc
1060 1233 1155 1282 jure
1186 1231 1378 1273 caruisse

32 1301 277 1356 ,scribit²⁶).
600 1301 603 1304 ’

133 1372 225 1429 Qui
256 1375 312 1414 ad
343 1372 585 1415 dicendum
617 1378 988 1426 surrexerunt²³)‚
1023 1389 1209 1417 coronas
1241 1375 1376 1431 capiti

46 1443 386 1500 imposuerunt,
418 1456 607 1497 myrteas
639 1446 842 1493 fortasse,
884 1448 1033 1501 quales
1065 1447 1198 1488 etiam
1229 1447 1376 1504 magi-

46 1525 208 1556 stratus
240 1515 440 1571 quidam,
472 1531 512 1556 V.
546 1529 581 1558 c,
613 1529 778 1557 novem
810 1518 1074 1563 Archontes,
1106 1532 1185 1572 pro
1219 1533 1396 1570 mune·-

44 1583 104 1627 ris
135 1584 299 1641 insigni
331 1597 497 1642 gestare
527 1587 754 1633 solebant,
798 1601 886 1642 quo
920 1603 1024 1628 cum
1057 1587 1202 1629 ornati
1235 1601 1371 1643 erant,

44 1671 120 1697 eos
151 1656 297 1698 verbis
328 1669 401 1697 aut
432 1657 561 1698 factis
603 1659 773 1697 laedere
813 1659 935 1698 nefas
968 1669 1059 1699 erat
1091 1670 1133 1699 et
1160 1659 1374 1714 gravissi-

45 1742 143 1768 mae
175 1726 334 1782 ἀτιμίας
353 1742 523 1784 poenae
555 1728 813 1771 obnoxium.
874 1731 938 1769 lta
961 1740 1154 1770 oratores
1178 1745 1370 1786 quoque,

42 1812 184 1854 quum
224 1800 357 1840 verba
398 1800 454 1839 ad
495 1799 716 1854 populum
764 1798 1005 1846 faciebant,
1061 1812 1105 1841 et
1144 1801 1374 1856 publicam

41 1869 373 1925 quodammodo
412 1884 674 1926 personam,
723 1857 938 1925 tantisper
980 1881 1120 1923 certe,
1166 1872 1273 1912 dum
1322 1872 1373 1914 in

43 1951 254 1996 suggestu
286 1951 431 1989 erant,
472 1952 706 1997 ceperant,
748 1942 906 1981 eodem
944 1940 1115 1997 insigni
1149 1942 1292 1982 ornati
1324 1955 1369 1985 et

44 2009 171 2065 quasi
203 2010 488 2053 inviolabiles
521 2011 717 2066 erant23).
776 2015 828 2054 In
860 2011 1053 2054 dicendo
1085 2023 1235 2054 autem
1258 2015 1370 2054 haec

87 2135 147 2178 25)
167 2135 348 2169 Dinarch.
371 2136 411 2168 in
426 2135 624 2169 Demosth.
644 2147 680 2180 p.
700 2146 755 2180 51.
783 2136 829 2170 R.
861 2149 918 2182 99.
954 2147 1006 2180 15.
1034 2136 1115 2173 τούς
1136 2138 1202 2181 μὲν
1234 2134 1369 2182 νόμους

39 2193 234 2240 προλέγειν
251 2193 444 2242 τῷῥήτιφι
463 2201 525 2231 καὶ
544 2195 596 2239 τῷ
616 2195 807 2241 στρατηγῷ
824 2195 890 2240 τήν
909 2195 1011 2240 παραὶ
1028 2197 1095 2231 τοῦ
1113 2193 1226 2239 δήμου
1243 2199 1370 2231 πίστιν

41 2251 210 2297 α’ξιοῧντι
227 2254 448 2300 λαμβάνειν,
472 2253 783 2292 παιδοποιεῖσθαι
802 2256 899 2292 κατά
920 2256 1003 2292 τούς
1023 2253 1175 2301 νόμους,
1211 2260 1272 2291 καὶ
1298 2257 1366 2302 γξῖν

41 2310 144 2349 ἔντός
169 2310 267 2359 ὅρων
296 2316 509 2360 κεκτῆσθαι.

87 2395 148 2439 26)
167 2396 259 2430 Adv.
280 2396 472 2432 Timarch.
502 2410 538 2443 p.
566 2409 621 2443 54.

89 2465 147 2510 ²7)
173 2464 229 2497 Ex
253 2466 442 2511 Aristoph.
471 2467 630 2501 Acharn.
661 2481 695 2503 v.
721 2469 779 2513 46.
811 2469 946 2512 conjici
963 2469 1108 2513 possit,
1147 2479 1255 2510 eum,
1301 2468 1364 2513 qui

43 2530 262 2570 suggestum
280 2526 523 2570 ascenderet,
550 2528 624 2561 nisi
641 2529 697 2564 vir
716 2536 815 2564 esset
837 2529 1011 2564 omnibus
1028 2535 1158 2570 notus,
1186 2527 1365 2572 praeconi

43 2597 183 2620 nomen
211 2585 383 2630 profiteri
406 2587 590 2622 debuisse.

86 2656 145 2698 28)
170 2655 430 2690 v.Den10.<t11.
460 2657 500 2690 in
530 2657 702 2692 Midiam.
730 2670 765 2703 p.
795 2670 872 2703 524.
904 2670 982 2704 5²5-
1011 2664 1114 2703 cujus
1149 2661 1277 2695 verba:
1320 2659 1365 2695 οῦ

1075 2727 1093 2764 1
