1706 3058
268 121 346 165 3553

271 228 440 275 buisse,
478 227 596 282 quod
623 223 858 266 nonnullis
889 225 938 266 in
960 233 1162 266 'mentem
1193 222 1423 279 venitur?
1482 225 1598 266 'Sane

269 302 356 342 hoc
387 299 627 339 absurdum
666 308 746 342 est.
809 298 967 352 Neque
996 310 1104 339 vero
1137 294 1357 349 Ὀπλήτων
1387 305 1465 335 aut
1498 293 1598 350 Ἀρ-

272 374 425 428 γαδέων
458 381 622 409 nomen
654 366 954 408 sacerdotibus
995 365 1223 408 convenit.
1290 362 1417 406 Nihil
1457 362 1597 419 igit-ur

268 452 424 494 restat,
456 438 543 479 uisi
574 449 625 479 ut
656 449 924 485 statuamus,
958 437 1188 480 Strabonis
1220 433 1442 477 sententia
1482 436 1597 477 Γελέ-

271 530 392 560 οντας
424 509 559 550 fuisse
592 511 854 560 sacerdotes,
884 523 996 564 quae
1016 508 1237 550 sententia
1268 506 1384 547 mihi
1415 506 1596 562 quidem

269 587 400 638 longe
432 594 562 635 quam
579 580 800 621 Plutarchi
832 579 1102 635 probabilior
1124 593 1216 619 esse
1239 577 1434 621 videtur.
1495 578 1597 618 Plu-

268 655 472 695 {archum
512 649 655 698 enim,
696 661 772 692 aut
801 665 895 698 eos,
937 663 1047 705 quos
1088 648 1164 690 ille
1194 660 1395 689 auctores
1425 647 1597 696 habuis,

271 727 327 765 de
356 722 558 764 tribuum
591 720 697 762 vitis
727 736 752 762 e
791 720 1033 761 nominum
1073 718 1400 774 significatione
1436 722 1597 770 conie-

270 807 443 837 cturam
486 793 639 834 fecisse
679 803 872 848 apparet.
942 795 1096 846 Itaque
1138 791 1190 831 de
1240 788 1422 845 reliquis
1471 789 1599 830 aliter

269 877 464 908 statuere
511 878 603 903 uon
644 873 915 919 potuerunt,
955 874 1086 917 atque
1126 875 1200 902 eos
1233 860 1438 901 statuisse
1468 858 1599 900 vide-

273 951 401 984 mus;
445 935 676 977 Γεύεόντων
717 944 864 974 autem
904 943 980 974 aut
1011 933 1240 976 Γελεόντων
1277 945 1444 972 nomen
1474 945 1497 971 a
1528 932 1600 986 γὲα

274 1010 457 1049 fortusse
490 1005 786 1046 derivandum
811 1003 919 1056 rati,
952 1003 1071 1059 (quis
1104 1003 1225 1044 enim
1257 1002 1402 1044 nescit
1426 1013 1599 1055 *etymo*

272 1080 438 1134 logicas
472 1080 740 1117 Graecorum
763 1075 961 1131 *argutias
975 1076 1017 1129 22)
1050 1074 1345 1130 agricolarum
1376 1075 1492 1113 hanc
1523 1071 1600 1113 tri-

271 1154 381 1193 bum
415 1146 550 1188 fuisse
581 1157 817 1202 putarunt,
851 1155 955 1186 cum
986 1144 1244 1201 praesertim
1274 1144 1477 1200 agricolis
1506 1157 1600 1185 res-

274 1220 453 1279 publica
496 1233 639 1259 carere
671 1232 763 1258 non
796 1231 924 1272 posse
957 1216 1205 1264 videretur,
1237 1213 1420 1270 reliquis
1451 1224 1602 1256 autem

271 1292 476 1334 tribubus
507 1293 593 1340 jam
632 1288 740 1328 aliae
780 1287 899 1326 vitae
940 1286 1178 1327 attributae
1221 1296 1381 1327 essent.
1443 1287 1598 1328 Strabo

277 1374 449 1407 autem,
491 1373 594 1399 cum
627 1368 669 1398 et
705 1360 958 1413 Αἰγικορεῖς,
1003 1367 1155 1398 contra
1194 1355 1423 1411 propria-m
1460 1370 1601 1397 voca-

273 1428 773 1486 bulisignificationem,
805 1427 1016 1483 agricolas
1038 1425 1186 1480 faciat,
1218 1424 1457 1483 (Ἀργαδεῑς
1479 1426 1602 1475 euim

276 1504 320 1546 ei
352 1500 640 1557 δημιουργούς,
660 1499 872 1552 ’Ὀπλητας
897 1508 1051 1539 autem
1073 1497 1262 1551 φύλακας
1292 1511 1384 1538 esse
1403 1501 1602 1553 apparet)

276 1587 323 1618 et
353 1576 570 1622 Γελέοντας
600 1571 846 1611 sacerdotes
878 1567 1016 1617 dicat,
1060 1582 1192 1625 quam
1222 1567 1602 1624 significationem

274 1660 425 1702 neque
456 1659 505 1685 ex
535 1640 704 1697 vulgari
734 1640 947 1696 loquendi
982 1654 1094 1692 usu,
1133 1638 1211 1695 qui
1254 1638 1367 1680 illud
1406 1641 1602 1681 vocabu-

274 1721 373 1760 ·lum
412 1729 502 1756 non
544 1711 767 1769 agnoscit,
819 1725 963 1766 neque
1006 1726 1057 1751 ex
1096 1709 1391 1766 etymologica
1429 1709 1605 1752 ratione

274 1798 427 1846 *petere
458 1783 625 1841 potuit;
659 1781 848 1822 dubium
878 1795 968 1821 non
1001 1791 1087 1827 est,
1122 1780 1232 1837 quin
1262 1782 1454 1837 aliquam
1485 1792 1602 1822 vete-

277 1873 372 1902 rem
412 1855 674 1897 memoriam
715 1868 764 1894 ac
806 1850 1092 1892 traditionem
1139 1862 1317 1892 secutus
1364 1850 1441 1900 sit,
1489 1866 1602 1907 quae

279 1934 512 1986 Αἰγικορεῖς
550 1940 642 1967 non
679 1935 872 1980 pastores
913 1924 1082 1974 solum,
1125 1935 1236 1976 quos
1273 1936 1440 1963 nomen
1482 1920 1603 1963 desi-

276 2011 411 2058 gnat,
444 1999 521 2039 sed
553 1996 686 2038 etiam
716 1993 941 2050 agricolas,
976 1995 1194 2043 Γελέοντας
1222 2004 1372 2035 autem
1403 1993 1601 2034 sacerdo-

273 2082 342 2113 tes
374 2069 509 2112 fuisse
540 2077 770 2109 testaretur
786 2063 849 2122 ³²²).

329 2220 387 2265 29)
414 2219 630 2263 Musgravio
656 2216 702 2251 ad
725 2215 853 2260 Eurip.
873 2217 953 2249 Ion.
980 2228 1013 2249 v.
1039 2227 1143 2263 2577,
1171 2216 1234 2262 qui
1257 2216 1400 2251 rectius
1424 2215 1538 2250 etiam
1556 2215 1598 2250 in

280 2280 353 2314 hoc
379 2279 601 2314 Strabonem
626 2289 740 2323 quam
775 2277 1019 2310 Plutarchum
1044 2278 1204 2312 sensisse
1227 2278 1392 2321 judicat,
1427 2283 1465 2310 et
1489 2276 1598 2326 ΕΔΗ-ἰχ-

279 2339 406 2386 pidem
432 2350 581 2384 quoque
616 2339 669 2371 illi
704 2337 942 2381 explicationi
976 2337 1105 2371 favere
1137 2338 1351 2372 arbitratur.
1408 2333 1598 2372 Nimiru'm

278 2400 475 2444 Euripides
499 2397 707 2445 Αἰγικορεῖς
732 2397 849 2431 dictos
864 2408 945 2432 esse
961 2398 1042 2432 vult
1056 2395 1134 2434 ἐπεὶ
1160 2397 1222 2442 τῆς
1236 2395 1388 2443 αἰγίδος,
1413 2408 1436 2430 a
1451 2397 1596 2432 Miner*

280 2473 347 2494 vae
372 2460 518 2505 clypeo.

324 2532 384 2574 50)
410 2532 444 2564 Γ
442 2528 616 2565 ελεόντων
640 2539 800 2571 nomen,
825 2538 1009 2573 nusquam
1043 2528 1133 2562 alias
1159 2526 1328 2570 obvium,
1362 2526 1511 2562 etiamsi
1535 2538 1597 2562 ex-

278 2590 410 2634 plicari
435 2600 510 2622 non
534 2596 679 2633 posset,
707 2596 835 2623 tamen
859 2595 1060 2633 propterea
1084 2588 1199 2621 fidem
1222 2588 1398 2622 Straboni
1429 2599 1506 2622 nou
1529 2586 1594 2622 de-

275 2660 465 2694 negarem.
503 2649 576 2684 Sed
598 2661 676 2684 non
695 2650 818 2694 video,
845 2661 912 2684 cur
935 2660 1012 2683 non
1022 2648 1300 2694 acquiescamus
1326 2648 1462 2683 summi
1476 2647 1591 2682 Hem-

1701 2798 1706 2816 ..
1693 2564 1706 2744 μιλλε.-
1700 2446 1706 2538 ,ust-
1699 2382 1706 2431 ..=.
