1706 3058
284 77 366 119 520

283 196 445 224 ramus.
515 180 691 223 Tertius
744 180 938 237 denique
983 195 1096 233 erat,
1143 182 1223 238 qui
1271 196 1294 223 a
1343 173 1605 239 Thucydide

283 252 539 310 γραμματεύς
566 258 638 306 τῆς
667 253 912 305 amenas-⁴⁴),
944 255 996 294 ab
1028 252 1125 296 aliie
1147 254 1398 310 γραμματεῦς
1427 262 1503 299 τοῦ
1533 257 1602 311 δή·

279 330 420 380 μοῑι45)
460 334 535 364 aut
573 325 646 376 τῆς
686 328 838 378 βουλῆς
876 326 945 366 καὶ
983 331 1061 367 τοῦ
1098 326 1294 379 δήμιου“)
1344 336 1420 366 aut
1466 325 1601 368 etiam

279 393 614 453 ύπογραμματεύς
644 393 887 443 dicitur⁴⁷).
949 397 988 436 Is
1020 409 1042 436 a
1074 398 1236 452 populo
1269 398 1511 447 creabatur,
1541 407 1604 438 at·

277 483 360 521 que
392 469 474 506 hoc
504 464 726 521 imprimis
765 465 964 507 muneris
1003 469 1213 520 habebat,
1252 479 1304 510 ut
1342 466 1392 508 in
1435 470 1603 509 Senatu

279 539 398 580 etin
440 535 638 578 comitiis
680 530 961 592 recitaret⁴⁸)ss

1702 75 1706 91 ι

1636 96 1650 121 N

359 627 396 664 E
441 621 890 677 contrascriptoribus
930 637 1046 664 unus
1089 634 1179 665 erat
1219 623 1491 683 ἄντιγραφεῦς
1530 631 1604 680 τῆς
1650 646 1657 654 .

274 701 454 753 βουλῆς,
498 692 576 748 qui
608 693 826 734 assidebat
857 692 1038 734 Senatui
1071 705 1112 734 et
1143 694 1432 749 pecuniarum
1462 699 1514 737 ab
1546 711 1599 738 eo

272 777 549 818 acceptarum
593 765 784 811 tabulas,
831 763 1026 804 fortassis
1066 765 1147 806 alia
1191 780 1368 821 quoque
1415 769 1601 808 Senatus

275 850 368 880 acta
401 837 772 878 contrascribebat
787 841 849 884 ⁴⁹).
910 836 1034 876 Idem
1066 846 1177 884 erat,
1212 851 1342 890 quem
1373 836 1601 878 redituum

272 923 447 964 quaque
478 906 678 963 prytania
709 905 901 947 rationes
933 906 1176 947 confecisse
1213 921 1262 947 ac
1301 909 1469 965 populo
1498 921 1598 963 pro·

269 977 473 1037 posuisse
514 993 642 1034 supra
686 977 880 1019 diximus
896 982 939 1019 ὀ.
1007 976 1096 1019 Hic
1124 977 1353 1019 Aeschinis
1397 990 1598 1034 tempore

268 1049 546 1109 χειροτονητάς
588 1060 702 1098 erat;
745 1060 840 1100 post
873 1060 1044 1097 autem,
1083 1058 1133 1090 ut
1161 1049 1298 1091 Julius
1329 1051 1488 1091 Pollux
1519 1047 1595 1096 ait,

270 1133 388 1165 sorte
419 1120 517 1177 capi
549 1121 794 1175 solepat⁵¹).
855 1123 992 1170 Alter,
1033 1119 1305 1176 ἆντιγραφεῦς
1342 1126 1414 1174 τῆς
1443 1119 1597 1173 διοική-

268 1210 395 1247 σεως,
444 1203 590 1234 custos
622 1192 844 1248 appositus
876 1202 970 1234 erat
1001 1190 1220 1246 quaestori
1252 1190 1596 1232 administratio—

267 1348 418 1383 Mentio
445 1349 525 1390 ejus
551 1353 607 1381 est
631 1347 728 1392 apud
751 1345 950 1381 Demosth.
977 1357 1013 1390 p.
1040 1357 1117 1392 7²3·
1147 1347 1207 1390 (ex
1232 1357 1305 1392 quo
1335 1346 1421 1380 loco
1455 1346 1595 1379 confir-

267 1415 413 1450 matur,
440 1399 540 1453 quod
564 1408 696 1442 Pollux
725 1407 833 1449 dicit,
861 1417 997 1441 munus
1024 1408 1102 1449 ejus
1132 1407 1179 1440 ad
1203 1407 1307 1452 leges
1333 1406 1595 1441 custodiendas

264 1468 506 1513 pertinuisse)
532 1468 701 1514 itemque
734 1468 780 1502 de
815 1479 943 1501 coron.
969 1479 1003 1512 p.
1031 1473 1108 1512 258.
1134 1468 1361 1502 Permutavit
1385 1479 1474 1502 eum
1497 1468 1592 1501 Har-

262 1535 404 1576 pocrat.
430 1529 470 1562 in
491 1526 725 1574 γραμματεύς
747 1534 785 1563 et
808 1539 896 1562 cum
926 1528 1048 1562 scriba
1079 1529 1280 1573 Prytaniae
1311 1535 1351 1564 et
1381 1539 1469 1564 eum
1502 1539 1590 1564 con-

262 1590 517 1634 trascriptore.

307 1674 367 1718 44)
407 1673 575 1718 Thucyd.
609 1675 691 1708 v11.
734 1685 787 1708 ιο.

305 1757 365 1800 45)
394 1757 611 1801 Psephisma
635 1769 691 1802 ap.
717 1757 906 1790 Plutarch.
933 1757 1014 1790 vitt.
1039 1758 1082 1791 X.
1107 1763 1216 1792 oratt.

305 1841 365 1886 46)
394 1841 538 1875 Corsin.
565 1842 602 1874 P.
629 1842 669 1874 A.
697 1841 796 1874 Diss.
823 1842 887 1874 XI.
913 1852 975 1874 no.
1006 1852 1056 1874 11.
1084 1840 1226 1874 Bockh.
1253 1841 1282 1873 Ι.
1307 1851 1342 1886 p.
1369 1853 1446 1876 201.

302 1927 362 1971 47)
389 1924 585 1960 Demosth.
613 1924 660 1958 de
684 1925 766 1958 fals.
790 1924 864 1969 leg.
891 1935 926 1968 p.
955 1923 1033 1968 363.
1062 1924 1186 1957 Etiam
1210 1923 1248 1956 in
1273 1924 1584 1969 Inscriptionibus

259 1983 480 2029 quibusdam
506 1984 817 2030 ι’·πογραμματὲως
842 1995 984 2018 nomen
1009 1989 1148 2026 exstat,
1174 1983 1220 2017 ab
1245 1982 1339 2026 hocf,
1370 1990 1411 2018 ut
1435 1983 1585 2019 videtur

257 2043 416 2086 diversi3
455 2045 541 2090 (vid.
578 2045 722 2078 Corsin.
755 2051 794 2078 et
826 2044 966 2078 Bockh.
1003 2044 1027 2078 1.
1064 2044 1107 2087 1.)
1143 2042 1191 2077 de
1215 2054 1289 2089 quo
1313 2043 1480 2088 judicare
1503 2055 1583 2078 non

254 2116 422 2150 possum,
449 2106 625 2150 quoniam
649 2105 742 2139 mihi
759 2106 1024 2150 Inscriptiones
1048 2105 1137 2138 istas
1161 2103 1290 2139 videre
1314 2114 1391 2137 non
1408 2104 1578 2149 contigit.

299 2189 360 2232 48)
395 2189 528 2222 Pollux
562 2190 667 2223 VIII.
704 2194 760 2235 98.
795 2188 843 2223 cf.
873 2190 1069 2224 Demosth.
1106 2189 1154 2223 de
1186 2188 1268 2222 fals.
1310 2187 1382 2232 leg.
1423 2197 1460 2231 p.
1495 2197 1577 2232 419.

253 2249 364 2283 Hunc
394 2251 555 2284 scribam
575 2250 770 2296 designant
789 2249 888 2284 Sujd.
915 2251 954 2283 in
981 2263 1120 2297 γραμμ.
1149 2255 1187 2282 et
1206 2249 1294 2281 Lex.
1319 2247 1432 2281 Rhet.
1458 2245 1577 2304 Bekk?

252 2321 289 2354 p-
318 2310 419 2352 226·‚
453 2323 474 2344 a
508 2311 640 2356 quibus
673 2310 894 2355 simpliciter
927 2307 1159 2356 γραμματεύς
1192 2308 1429 2352 nominatur,
1463 2313 1505 2342 ut
1536 2311 1579 2342 et

251 2370 481 2405 aDemosth.
508 2371 532 2403 l.
558 2372 582 2404 l.

296 2455 357 2499 49)
384 2455 607 2498 Harpocrot.
633 2454 672 2487 in
697 2452 837 2502 οἷντιγρ.
863 2454 996 2488 Pollux
1020 2455 1123 2488 VIII.
1148 2458 1206 2499 98.

294 2537 354 2580 50)
383 2537 470 2580 Cap.
499 2537 561 2571 IX.
589 2537 664 2580 huj.
695 2539 759 2572 lib.
786 2538 832 2572 cf.
859 2538 999 2572 Bockh.
1027 2540 1055 2572 Ι.
1084 2549 1159 2572 202-

292 2619 353 2662 5¹)
380 2619 552 2654 Aeschin·
577 2619 659 2656 adv.
688 2621 851 2668 ctesiph.
876 2633 912 2668 p.
938 2634 1018 2668 4¹7·
1042 2621 1184 2657 Pollux.
1219 2620 1245 2654 1.
1269 2620 1304 2654 1„
