1706 3058
719 536 793 566 DE

96 630 549 687 COMITIIS
655 625 1426 682 ATHENIENSIUM

386 752 619 797 LIBER
690 748 1130 795 SECUNDUS.

565 918 885 965 CAPUT
941 919 975 964 I,

183 1032 258 1076 ,De
276 1047 434 1075 rerum
453 1031 499 1073 isz
525 1029 725 1073 comitiis
747 1035 1060 1072 tractatarum
1079 1029 1344 1088 generibus-

98 1129 241 1198 Cum
273 1145 501 1202 superiore
531 1143 646 1185 libro
677 1145 949 1199 agendorum
979 1142 1271 1185 comitiorum
1301 1142 1430 1185 ratio·

97 1233 201 1261 nem
226 1225 268 1256 et
289 1214 416 1271 quasi
435 1215 625 1259 formam
650 1226 875 1256 externam
899 1215 1278 1272 descripserimus,
1310 1231 1431 1258 nunc

96 1295 181 1343 jam
205 1289 257 1329 de
276 1301 423 1327 rerum
444 1286 707 1343 generibus,
742 1302 854 1344 quae
878 1287 926 1329 in
945 1287 1001 1329 iis
1022 1298 1205 1328 tractata
1240 1287 1353 1336 sint,
1387 1299 1431 1329 et

99 1361 277 1417 qualem
298 1369 561 1414 potestatem
590 1361 783 1415 populus
817 1359 866 1399 in
901 1358 956 1400 iis
990 1359 1261 1409 exercuerit,
1296 1375 1429 1416 quam

97 1429 346 1489 poterimus
383 1431 715 1474 accuratissime
757 1433 1072 1488 exponendum
1116 1444 1192 1475 est.
1261 1435 1434 1489 Quam-

101 1517 235 1559 quam
267 1499 362 1540 fieri
394 1500 468 1541 vix
498 1512 669 1558 potest,
710 1514 764 1543 ut
803 1502 955 1543 omnia
987 1515 1108 1544 certo
1143 1500 1429 1553 definiantur,

100 1589 204 1615 cum
238 1587 296 1613 ne
326 1573 476 1628 legum
511 1572 695 1628 quidem
715 1573 1083 1630 praescriptiones
1109 1587 1252 1617 certae
1284 1587 1327 1616 et
1350 1575 1431 1617 im-

100 1642 337 1688 mutabiles
366 1642 531 1684 hocin
570 1659 729 1699 genere
771 1644 906 1685 fuisse
947 1644 1207 1700 videantur,
1248 1648 1322 1686 sed
1354 1662 1430 1687 va,-

101 1716 265 1757 riatum
296 1727 389 1755 esse
421 1712 469 1754 in
502 1715 687 1755 Senatus
707 1714 950 1772 populique
972 1727 1188 1772 potestate
1218 1717 1429 1773 negotiis-

102 1801 188 1843 que
220 1787 272 1826 ab
304 1783 478 1826 utrovis
511 1784 896 1838 administrandis,
937 1802 1015 1843 pro
1058 1803 1205 1830 rerum
1238 1804 1288 1830 ac
1320 1801 1433 1834 tem-

101 1872 263 1914 porum
302 1854 426 1897 varia
467 1856 746 1904 conditione.
808 1861 858 1900 In
897 1857 1160 1903 universum
1192 1872 1343 1903 tamen
1375 1862 1431 1903 il-

100 1931 181 1971 lud
212 1927 348 1971 statui
379 1930 531 1980 debet,
570 1930 739 1974 nullam
778 1928 918 1976 fuisse
947 1946 1064 1984 rem,
1107 1946 1218 1988 quae
1250 1933 1435 1989 quidem

106 2002 257 2056 aiiquo
298 2001 433 2042 modo
482 2001 536 2042 ad
576 2015 797 2047 summam
835 2001 1159 2058 rempublicam
1208 2005 1434 2060 pertinere

105 2071 338 2127 totiusque
380 2070 575 2113 civitatis
616 2071 830 2117 interesse
873 2072 1128 2123 videretur,
1174 2081 1300 2129 cujus
1343 2093 1435 2120 non

107 2158 336 2186 summum
370 2141 605 2184 arbitrium
635 2144 847 2186 universo
868 2147 1033 2201 populo
1053 2146 1319 2202 permissum
1343 2149 1433 2192 fue·

107 2216 191 2266 rit,
223 2214 286 2256 ita
319 2225 458 2264 certe,
491 2226 564 2266 ut,
598 2214 635 2257 si
666 2229 756 2258 non
789 2218 841 2258 de
865 2216 1075 2258 omnibus
1107 2216 1202 2273 ipse
1232 2223 1435 2263 consule·

108 2298 174 2329 ret
204 2298 248 2328 et
278 2287 558 2335 decerneret,
591 2286 639 2328 id
671 2290 793 2345 quod
825 2288 1010 2330 intanta
1034 2290 1331 2333 maximorum
1362 2308 1435 2335 ne-

108 2357 335 2415 gotiorum
365 2358 657 2402 multitudine
678 2374 727 2401 ac
749 2358 963 2402 varietate
992 2375 1048 2402 ne
1069 2361 1222 2419 potuit
1253 2364 1435 2420 quidem

108 2428 227 2477 fieri,
261 2440 409 2475 tamen
440 2441 516 2471 aut
548 2430 644 2488 ipse
675 2447 801 2474 suam
834 2443 1102 2488 potestatem
1133 2434 1228 2475 aliis
1256 2437 1435 2491 permit-

110 2510 222 2542 teret
252 2515 302 2547 ac
331 2503 638 2558 mandaret¹),
680 2515 781 2553 aut,
821 2503 859 2544 si
891 2506 1064 2559 quando
1098 2520 1208 2560 opus
1240 2523 1334 2550 esse
1365 2509 1438 2551 vi-

111 2573 300 2623 deretur,
333 2572 419 2615 sibi
451 2573 536 2632 ipsi
569 2589 664 2616 eam
698 2576 986 2616 exercendam
1007 2589 1214 2621 sumeret·

159 2691 192 2734 1)
219 2691 301 2725 Huc
326 2691 504 2738 pertinet,
531 2692 630 2738 quod
653 2694 926 2739 nonnunquam
949 2693 1111 2738 legimus
1131 2695 1309 2732 Senatum
1333 2706 1354 2729 a
1377 2707 1441 2740 po-
