1706 3058
294 127 374 169 316

375 232 530 286 Itaque
560 225 751 274 macrii,
783 226 957 272 Parnm.
992 226 1214 283 Mesogaei
1247 225 1320 282 qui
1354 217 1492 268 fuisse
1522 239 1613 268 cre-

292 302 375 346 diti
401 301 504 347 sint,
538 312 613 339 sua
638 296 827 352 quisque
849 309 1007 352 sponte
1031 297 1263 354 intelligit;
1295 311 1434 352 neque
1468 302 1613 339 Actae-

291 388 418 416 orum
451 383 617 410 nomen
643 382 666 407 a
697 367 870 408 sedibus
895 367 940 408 in
970 367 1100 425 Ἀκτῇ
1130 368 1380 410 derivatum
1413 382 1503 409 esse
1534 370 1614 410 du·

292 445 398 490 bito,
434 441 540 482 licet
571 453 720 496 regem
742 453 919 495 quoque
938 443 1147 481 Actaeum
1168 438 1304 480 fuisse
1335 439 1613 495 perhibeant.

289 511 544 569 Cecropidis
594 521 764 558 autem,
813 509 1046 553 Cranaidis
1095 522 1137 551 et
1187 509 1380 552 Atthidis
1426 509 1613 551 nomina

289 603 311 628 a
346 588 541 639 Cecrope
571 592 615 622 et
645 583 812 623 cranao
845 586 1024 638 ejusque
1056 581 1143 622 filia
1175 579 1354 623 Atthide
1387 582 1504 621 haud
1535 581 1614 626 du·

286 657 359 699 bie
391 654 662 696 derivarunt.
724 655 808 695 Sed
839 652 911 693 hic
943 657 1035 704 jure
1079 652 1273 693 offendas
1305 650 1352 691 in
1383 662 1472 694 tam
1501 649 1613 692 mir·

285 724 608 771 denominandi
652 723 838 765 ratione.
899 723 1016 781 Quid
1049 721 1203 765 enim?
1238 723 1464 764 Eodemne
1493 733 1614 764 tems·-

284 813 392 857 pore
424 799 529 839 duas
562 795 727 844 tribus,
767 793 982 836 Pataliam
1014 806 1057 836 et
1088 793 1321 839 Actaeam,
1361 807 1383 833 a
1415 791 1611 840 oedibus.

284 869 477 926 reliquas
516 877 689 913 autem.
731 868 1063 907 Autochtonem
1112 875 1156 906 et
1196 863 1518 920 Cecropidem,
1558 864 1612 904 ab

283 940 460 997 origine
491 949 567 979 aut
597 951 620 978 a
651 938 777 984 duce,
811 936 1036 993 similique
1057 936 1192 978 modo
1213 946 1364 991 postea
1390 934 1613 976 Diacriam

285 1023 329 1054 et
370 1014 648 1065 Mesogaeam
689 1021 711 1048 a
744 1006 950 1054 sedibus,
995 1007 1257 1049 Cranaidem
1299 1017 1342 1046 et
1380 1006 1612 1049 Atthidem

283 1099 307 1124 a
339 1097 438 1138 rege
478 1080 680 1136 regisque
722 1077 814 1120 filia
855 1078 1105 1119 nominatas
1149 1078 1276 1120 esse?
1336 1081 1398 1120 lta
1443 1093 1492 1119 cx
1525 1078 1611 1120 illis

283 1165 476 1211 quatuor
517 1149 740 1208 prioribus
780 1151 1067 1191 Autochthon
1119 1161 1162 1191 et
1212 1149 1422 1205 Cecropis
1462 1150 1610 1190 nullos

281 1225 416 1274 alios,
458 1221 547 1264 nisi
592 1224 849 1278 Mesogaeos
889 1230 933 1260 et
974 1218 1196 1268 Diacrios‚
1235 1235 1258 1261 e
1287 1219 1611 1275 posterioribus

281 1307 431 1341 autem
463 1291 643 1336 Cranais
676 1302 719 1333 et
757 1289 901 1333 Atthis
933 1292 1079 1330 nullos
1111 1291 1194 1331 nisi
1236 1293 1417 1332 Actaeos
1450 1303 1494 1332 et
1524 1294 1612 1333 Pa-

280 1367 416 1410 ralios
457 1363 689 1418 designare
728 1371 1006 1418 potuerunt3
1055 1372 1104 1402 ut
1141 1360 1258 1402 miro
1302 1362 1434 1416 plane
1473 1363 1609 1402 modo
1674 1384 1675 1387 =

278 1440 329 1482 in
360 1435 634 1480 contrarium
666 1444 833 1475 mutata
867 1431 1134 1474 nominandi
1167 1430 1362 1484 ratione,
1396 1445 1490 1480 eos,
1530 1431 1610 1488 qui

281 1523 384 1554 ante
416 1511 468 1549 ab
509 1505 680 1562 origine
719 1514 794 1545 aut
834 1519 857 1545 a
889 1503 1082 1545 ducibus
1128 1501 1407 1543 denominati
1449 1513 1605 1552 essent,

279 1592 405 1641 post,
447 1575 627 1620 abolitis·
665 1574 889 1632 prioribus
928 1573 1208 1621 nominibus,
1256 1589 1279 1615 a
1317 1576 1438 1627 solo,
1488 1574 1610 1630 quod

280 1653 550 1696 incolebant,
582 1646 660 1704 qui
687 1657 834 1688 autem
856 1656 956 1685 ante
988 1658 1010 1685 a
1042 1644 1236 1692 sedibus,
1267 1655 1369 1700 post
1399 1659 1421 1686 a
1453 1659 1609 1702 regum

279 1721 545 1766 nominibus
577 1719 816 1775 appellatos
849 1731 942 1757 esse
973 1726 1194 1772 oporteat3
1236 1721 1362 1768 qu'us
1404 1715 1467 1758 rei
1497 1730 1608 1758 cau-

280 1810 374 1837 sam
404 1791 710 1845 rationemque
741 1788 1012 1843 probabilem
1034 1797 1240 1842 exputare
1264 1801 1398 1829 nemo
1428 1787 1606 1845 poterit.

280 1869 383 1908 Huc
424 1860 616 1908 accedit,
660 1859 804 1916 quod,
846 1872 948 1898 cum
980 1858 1170 1907 Cecrops
1202 1859 1360 1899 urbem
1392 1857 1439 1899 in
1474 1857 1607 1916 Ἀκτῇ

280 1931 559 1980 condiderit,
594 1939 946 1973 consentaneum
979 1927 1088 1978 fuit,
1118 1929 1248 1980 hujus
1274 1927 1429 1983 Ἀκτῆς
1452 1928 1606 1985 potius

281 2021 417 2064 quam
460 2000 665 2046 Diacriae
705 2010 782 2040 aut
819 1999 1161 2040 mediterraneae
1200 1997 1393 2055 regionis
1438 1998 1606 2039 incolas

278 2082 333 2123 ab
378 2091 429 2119 eo
470 2070 763 2116 denominari.
842 2070 1011 2112 Omitto
1050 2069 1158 2123 alia3
1204 2084 1349 2126 neque
1388 2068 1512 2111 enim
1554 2067 1617 2110 in.

279 2143 545 2200 hujusmodi
577 2144 707 2185 rebus
739 2140 874 2184 nimis
909 2138 1171 2198 diligentem
1204 2155 1297 2183 esse
1329 2150 1518 2197 oportet.

367 2229 631 2268 Persuasum
664 2232 811 2263 autem
842 2219 954 2262 mihi
987 2222 1150 2273 habeo,
1191 2220 1366 2270 omnia,
1406 2234 1518 2277 quae
1549 2220 1604 2262 de

283 2295 523 2352 Cecropis,
562 2291 719 2336 Cranai
751 2302 794 2332 et
831 2291 1070 2336 Erechthei
1113 2291 1317 2334 tribubus
1357 2300 1605 2344 narrantur,

281 2474 468 2507 notarem,
495 2462 596 2510 quod
620 2463 756 2497 oblitus
782 2466 851 2504 est,
875 2461 943 2495 illa
967 2467 1091 2496 aetate
1110 2472 1186 2494 non
1205 2462 1282 2504 jam
1303 2461 1415 2495 istam
1435 2453 1609 2497 tribuunt

284 2525 592 2572 descriptionem,
618 2524 685 2558 sed
708 2525 821 2568 longe
837 2521 960 2565 aliam,
987 2522 1031 2556 ab
1057 2523 1149 2556 Ione
1173 2521 1395 2563 institutam,
1420 2520 1600 2562 valuiss0;

283 2589 355 2622 nisi
381 2588 552 2630 ineptum
577 2590 770 2629 putarem,
798 2584 837 2617 in
860 2583 1073 2617 fabularum
1096 2582 1340 2630 scriptoribus
1364 2581 1601 2626 chronologi-

287 2660 347 2683 cas
372 2647 537 2682 rationes
563 2645 766 2692 diligenter
797 2649 985 2680 excutere.

1688 1381 1706 1459 ‘Q'
1694 1347 1706 1380 uz
1703 1306 1706 1314 .
