1706 3058
1335 90 1417 145 259

190 195 275 237 Επὶ
304 197 376 247 τῆς
409 193 686 243 Πανδιονίδος
722 192 906 249 πρώτης,
946 196 1018 246 τῆς
1052 194 1307 247 Πρυτανείας
1338 198 1415 237 δω-

93 266 239 325 δεκάτῃ
254 270 327 318 ²⁷),
358 272 438 308 τῶν
471 267 694 319 Προέδρων
725 265 980 318 ἐπεψήφισεν
1006 262 1275 321 Ἀριστοκλῆς
1296 269 1419 321 Μυῤ-

91 338 324 395 ῥἰνούσιος,
373 337 625 392 Τιμοκράτης
659 336 755 378 εἷπε.
787 353 823 378 κ.
854 353 886 378 τ.
918 341 951 377 λ.

180 411 267 452 Sed
306 421 478 466 praeter
519 410 634 449 hane
674 407 823 462 legum
863 420 1118 455 censuram,
1172 422 1284 464 quae
1315 409 1421 451 anni

92 481 228 523 initio
268 482 580 537 peragebatur,
622 476 703 517 alia
741 477 876 518 etiam
916 476 1011 517 fieri
1042 479 1233 527 solebat,
1275 495 1424 523 annua

94 565 140 595 et
168 552 290 608 ipsa,
331 566 464 609 quam
494 546 746 591 Aeschines
785 559 1107 595 commemorat
1137 550 1186 590 in
1218 551 1422 595 oratione

92 634 244 666 contra
277 622 633 678 Ctesiphontem.
694 620 1006 663 constitutum
1037 619 1158 662 enim
1189 621 1329 664 fuisse
1360 623 1422 664 di-

93 693 181 742 cit,
232 705 284 735 ut
325 696 673 735 Thesmothetae
717 689 956 747 quotannis
995 689 1043 731 in
1084 692 1266 734 ecclesia
1305 695 1422 752 leges

93 776 461 820 recognoscerent
492 775 536 805 et
565 762 863 819 corrigerent,
897 773 1099 803 accurata
1125 762 1426 818 inquisitione

95 837 232 883 facta,
273 846 442 877 essetne
484 837 554 876 lex
588 835 735 890 aliqua
776 832 903 874 alteri
932 833 1020 890 legi
1065 834 1306 888 contraria,
1349 848 1427 878 aut

97 908 302 961 abrogata
332 916 377 946 et
406 905 531 947 irrita
562 905 680 946 inter
709 907 967 960 approbatas
999 919 1049 946 ac
1077 917 1204 958 rataS,
1236 917 1313 947 aut
1331 909 1426 962 plu-

95 992 165 1018 res
198 991 333 1032 quam
363 991 451 1017 una
473 975 662 1032 singulis
687 977 740 1016 de
765 977 893 1016 rebus
908 977 1190 1033 perscriptae.
1250 978 1427 1033 Quodsi

97 1047 206 1104 quid
237 1046 453 1098 ejusmodi
485 1046 775 1102 reperissent,
822 1046 1074 1101 oportuisse
1111 1062 1183 1089 eas
1224 1049 1341 1105 leges
1381 1049 1430 1090 in

97 1118 260 1162 tabulis
284 1116 525 1173 descriptas
558 1131 638 1173 pro
669 1121 1011 1173 Eponymorum
1042 1118 1196 1160 statuis
1227 1121 1432 1175 proponi,

95 1191 408 1248 populumque
439 1202 462 1228 a
493 1188 758 1241 Prytanibus
790 1188 1034 1230 convocari
1065 1191 1120 1230 ad
1139 1193 1431 1233 Nomothetas

99 1260 335 1307 creandos,
369 1268 413 1299 et
432 1257 480 1299 in
501 1257 765 1315 suffragium
799 1258 923 1300 mitti
953 1274 976 1300 a
995 1262 1294 1304 Proedrorum
1315 1263 1432 1319 Epi-

97 1343 233 1379 stata3
280 1332 398 1386 leges
440 1341 591 1371 autem
631 1329 738 1372 alias
769 1328 867 1371 tolli
898 1341 1032 1386 atque
1063 1333 1283 1388 abrogari,
1327 1335 1434 1377 a]ias

99 1401 314 1458 relinqui,
357 1411 409 1442 ut
449 1415 536 1441 una
580 1411 693 1442 esset
731 1402 800 1442 lex
839 1402 893 1442 de
932 1417 1196 1459 unaquaque
1226 1420 1296 1452 re,
1338 1420 1430 1448 non

101 1476 319 1529 plures²⁸).
353 1494 409 1505 -
466 1474 530 1514 Ita
565 1486 634 1513 res
666 1472 717 1512 ab
742 1471 959 1514 Aeschine
980 1473 1171 1516 breviter
1191 1474 1429 1526 indicatur,

151 1637 210 1684 27)
239 1636 351 1682 Quod
376 1635 464 1670 h.1.
501 1636 818 1671 Nomothetarum
852 1637 1049 1674 consilium
1083 1639 1308 1678 duodecimo
1342 1645 1433 1690 Pry-

104 1698 231 1733 taniae
256 1696 317 1731 die
341 1696 512 1730 habitum
537 1696 694 1738 dicitur,
720 1709 808 1753 cuni
831 1697 958 1743 leges,
984 1713 1076 1745 quas
1101 1715 1213 1748 supra
1237 1704 1438 1750 adscripsi-

104 1770 203 1801 mus,
230 1768 295 1791 eos
320 1768 398 1790 non
421 1762 509 1791 ante
532 1757 686 1791 tertiam
702 1757 849 1802 primae
868 1760 1069 1804 Prytaniae
1088 1765 1288 1799 ecclesiam
1312 1768 1436 1801 creari

105 1819 275 1863 jubeant,
302 1828 398 1863 quae
421 1817 489 1851 sub
514 1817 754 1863 trigesimum
779 1818 880 1853 diem
904 1821 1115 1866 incidebat;
1141 1827 1347 1861 tenendum
1366 1835 1436 1871 est,

105 1879 180 1914 hoc
214 1885 319 1913 extra
351 1877 524 1911 ordinem
558 1878 784 1912 Timocratis
823 1880 968 1914 artibus
1004 1883 1146 1918 factum
1171 1899 1275 1931 esse,
1308 1890 1437 1934 legem

108 1952 237 1983 suam,
260 1938 334 1972 nisi
355 1938 625 1981 tumultuarie,
658 1938 824 1983 perferri
844 1951 955 1985 posse
980 1942 1225 1988 desperantis.
1260 1949 1333 1983 vid.
1360 1951 1438 1985 De-

107 1999 244 2034 mosth.
270 2010 308 2044 p.
341 2004 422 2045 708.

157 2069 216 2112 28)
243 2066 376 2101 Aesch.
403 2068 484 2102 adv.
522 2069 757 2114 ctesiphont.
790 2081 826 2114 p.
861 2082 941 2116 450.
985 2085 1039 2119 sq.
1075 2085 1119 2109 ex
1153 2078 1326 2113 Lambini
1356 2091 1440 2114 ver-

109 2130 240 2170 sione,
274 2128 413 2172 passim
438 2136 583 2163 mutata
607 2136 646 2163 et
678 2138 861 2165 correcta.
911 2133 1036 2168 Verba
1060 2139 1279 2173 Aeschinis:
1316 2138 1356 2175 ἐν
1388 2140 1441 2185 τῷ

113 2188 296 2235 δημοσίῳ,
323 2195 524 2223 vertuntur
548 2190 593 2223 ab
618 2189 705 2223 illo:
732 2191 772 2224 in
794 2191 959 2236 publico.
1009 2195 1084 2229 Sed
1107 2209 1196 2233 vera
1219 2201 1300 2235 sine
1326 2202 1441 2236 dubio

115 2249 230 2286 lectio
258 2254 314 2283 est
338 2247 377 2285 ἐν
401 2250 452 2293 τῷ
476 2247 600 2294 δήμῳ,
635 2261 760 2308 quam=
772 2254 949 2297 expressi.
998 2255 1139 2291 Verba:
1165 2258 1440 2308 ἐπιγράψαντας

115 2311 364 2355 Νομοθέτας,
389 2314 607 2342 vertuntur:
635 2311 850 2346 nominibus
876 2325 1010 2350 eorum
1033 2317 1251 2365 adscriptis,
1287 2323 1350 2368 qui
1378 2335 1440 2357 eas

115 2370 219 2414 leges
243 2369 423 2411 tulerint,
451 2369 551 2415 quod
576 2369 715 2405 falsum
740 2383 842 2415 esse,
867 2375 905 2408 F.
932 2376 973 2409 A.
1000 2376 1186 2423 Wolfius,
1222 2382 1370 2428 Proleg.
1397 2384 1444 2417 ad

117 2430 225 2474 Lept.
251 2435 328 2463 not.
357 2439 435 2474 154.
463 2430 746 2468 demonstravit.
793 2431 1035 2481 Ἐπιγρᾰφειν
1051 2451 1141 2474 vero
1165 2441 1267 2476 idem
1291 2443 1347 2476 vir
1370 2444 1446 2477 cla—

120 2491 235 2524 simus
262 2501 345 2524 esse
369 2491 440 2533 ait,
468 2496 508 2524 ut
534 2488 778 2536 ἀποδιδόναι,
803 2493 1026 2539 attribuere,
1051 2498 1267 2547 designare,
1306 2504 1447 2536 consti-

122 2560 246 2595 tuere,
270 2551 370 2597 quod
393 2550 524 2595 populi
548 2550 620 2583 fuit
643 2553 820 2597 proprie,
854 2567 931 2588 non
956 2557 1172 2602 Prytanum,
1223 2563 1297 2597 Sed
1322 2576 1448 2609 neque

123 2612 232 2647 istam
254 2611 363 2647 verbi
386 2611 703 2656 significationem
721 2623 929 2659 agnoscere
951 2627 1118 2662 possum,
1142 2634 1279 2670 neque,
1306 2624 1336 2657 si
1360 2635 1446 2661 vera

1095 2682 1169 2724 52
