<?xml version="1.0" encoding="UTF-8"?>
<!DOCTYPE html PUBLIC "-//W3C//DTD XHTML 1.0 Transitional//EN"
    "http://www.w3.org/TR/xhtml1/DTD/xhtml1-transitional.dtd">
<html xmlns="http://www.w3.org/1999/xhtml" xml:lang="en" lang="en">
 <head>
  <title>
</title>
<meta http-equiv="Content-Type" content="text/html;charset=utf-8" />
  <meta name='ocr-system' content='tesseract 3.04.00' />
  <meta name='ocr-capabilities' content='ocr_page ocr_carea ocr_par ocr_line ocrx_word'/>
</head>
<body>
  <div class='ocr_page' id='page_1' title='image "./decomitiisatheni00sch_0207.png"; bbox 0 0 1706 3058; ppageno 0'>
   <div class='ocr_carea' id='block_1_1' title="bbox 1319 138 1396 180">
    <p class='ocr_par' dir='ltr' id='par_1_1' title="bbox 1319 138 1396 180">
     <span class='ocr_line' id='line_1_1' title="bbox 1319 138 1396 180; baseline -0.013 -14"><span class='ocrx_word' id='word_1_1' title='bbox 1319 138 1396 180; x_wconf 76' lang='lat'><strong>¹7²</strong></span> 
     </span>
    </p>
   </div>
   <div class='ocr_carea' id='block_1_2' title="bbox 66 229 1407 1647">
    <p class='ocr_par' dir='ltr' id='par_1_2' title="bbox 66 229 1407 1647">
     <span class='ocr_line' id='line_1_2' title="bbox 69 229 1396 294; baseline -0.002 -18"><span class='ocrx_word' id='word_1_2' title='bbox 69 231 265 294; x_wconf 77' lang='lat' dir='ltr'>publicis</span> <span class='ocrx_word' id='word_1_3' title='bbox 297 230 471 274; x_wconf 85' lang='lat' dir='ltr'><strong>delictis</strong></span> <span class='ocrx_word' id='word_1_4' title='bbox 501 229 784 288; x_wconf 81' lang='lat' dir='ltr'>publicisque</span> <span class='ocrx_word' id='word_1_5' title='bbox 814 230 997 284; x_wconf 84' lang='lat' dir='ltr'><strong>judiciis</strong></span> <span class='ocrx_word' id='word_1_6' title='bbox 1027 230 1076 272; x_wconf 90' lang='lat' dir='ltr'><strong>in</strong></span> <span class='ocrx_word' id='word_1_7' title='bbox 1105 231 1396 292; x_wconf 74' lang='lat' dir='ltr'><strong>universum3</strong></span> 
     </span>
     <span class='ocr_line' id='line_1_3' title="bbox 72 301 1401 364; baseline -0.002 -16"><span class='ocrx_word' id='word_1_8' title='bbox 72 321 184 364; x_wconf 87' lang='lat' dir='ltr'><strong>quae</strong></span> <span class='ocrx_word' id='word_1_9' title='bbox 216 302 459 360; x_wconf 85' lang='lat' dir='ltr'><strong>disputatio</strong></span> <span class='ocrx_word' id='word_1_10' title='bbox 489 316 582 343; x_wconf 87' lang='lat' dir='ltr'><strong>non</strong></span> <span class='ocrx_word' id='word_1_11' title='bbox 614 301 660 342; x_wconf 88' lang='lat' dir='ltr'><strong>id</strong></span> <span class='ocrx_word' id='word_1_12' title='bbox 703 302 887 357; x_wconf 87' lang='lat' dir='ltr'><strong>quidem</strong></span> <span class='ocrx_word' id='word_1_13' title='bbox 929 302 1100 359; x_wconf 81' lang='lat' dir='ltr'>assequi</span> <span class='ocrx_word' id='word_1_14' title='bbox 1132 303 1314 360; x_wconf 85' lang='lat' dir='ltr'><strong>poterit,</strong></span> <span class='ocrx_word' id='word_1_15' title='bbox 1349 316 1401 345; x_wconf 83' lang='lat' dir='ltr'><strong>ut</strong></span> 
     </span>
     <span class='ocr_line' id='line_1_4' title="bbox 71 372 1400 431; baseline -0.002 -11"><span class='ocrx_word' id='word_1_16' title='bbox 71 391 224 420; x_wconf 88' lang='lat' dir='ltr'><strong>omnes</strong></span> <span class='ocrx_word' id='word_1_17' title='bbox 251 379 382 427; x_wconf 88' lang='lat' dir='ltr'><strong>hujus</strong></span> <span class='ocrx_word' id='word_1_18' title='bbox 413 372 476 414; x_wconf 86' lang='lat' dir='ltr'><strong>rei</strong></span> <span class='ocrx_word' id='word_1_19' title='bbox 509 372 798 414; x_wconf 78' lang='lat' dir='ltr'><strong>difficultates</strong></span> <span class='ocrx_word' id='word_1_20' title='bbox 833 373 1052 429; x_wconf 83' lang='lat' dir='ltr'><strong>expediat,</strong></span> <span class='ocrx_word' id='word_1_21' title='bbox 1086 375 1256 431; x_wconf 85' lang='lat' dir='ltr'><strong>quippe</strong></span> <span class='ocrx_word' id='word_1_22' title='bbox 1280 379 1400 431; x_wconf 82' lang='lat' dir='ltr'><strong>quod</strong></span> 
     </span>
     <span class='ocr_line' id='line_1_5' title="bbox 69 443 1402 505; baseline -0.005 -14"><span class='ocrx_word' id='word_1_23' title='bbox 69 463 220 505; x_wconf 87' lang='lat' dir='ltr'><strong>neque</strong></span> <span class='ocrx_word' id='word_1_24' title='bbox 249 450 383 500; x_wconf 86' lang='lat' dir='ltr'><strong>hujus</strong></span> <span class='ocrx_word' id='word_1_25' title='bbox 412 444 503 486; x_wconf 84' lang='lat' dir='ltr'><strong>loci</strong></span> <span class='ocrx_word' id='word_1_26' title='bbox 533 443 613 494; x_wconf 87' lang='lat' dir='ltr'><strong>sit,</strong></span> <span class='ocrx_word' id='word_1_27' title='bbox 653 458 799 500; x_wconf 87' lang='lat' dir='ltr'><strong>neque</strong></span> <span class='ocrx_word' id='word_1_28' title='bbox 829 459 1028 485; x_wconf 81' lang='lat' dir='ltr'><strong>mearum</strong></span> <span class='ocrx_word' id='word_1_29' title='bbox 1061 444 1241 490; x_wconf 84' lang='lat' dir='ltr'><strong>virium.</strong></span> <span class='ocrx_word' id='word_1_30' title='bbox 1301 450 1402 491; x_wconf 73' lang='lat' dir='ltr'><strong>Exi-</strong></span> 
     </span>
     <span class='ocr_line' id='line_1_6' title="bbox 71 515 1401 573; baseline 0 -12"><span class='ocrx_word' id='word_1_31' title='bbox 71 529 198 561; x_wconf 89' lang='lat' dir='ltr'><strong>stunt</strong></span> <span class='ocrx_word' id='word_1_32' title='bbox 249 516 370 560; x_wconf 90' lang='lat' dir='ltr'><strong>enim</strong></span> <span class='ocrx_word' id='word_1_33' title='bbox 412 515 513 557; x_wconf 89' lang='lat' dir='ltr'><strong>illae</strong></span> <span class='ocrx_word' id='word_1_34' title='bbox 554 530 648 556; x_wconf 86' lang='lat' dir='ltr'><strong>non</strong></span> <span class='ocrx_word' id='word_1_35' title='bbox 690 530 860 571; x_wconf 85' lang='lat' dir='ltr'><strong>paucae</strong></span> <span class='ocrx_word' id='word_1_36' title='bbox 900 531 1046 572; x_wconf 84' lang='lat' dir='ltr'><strong>neque</strong></span> <span class='ocrx_word' id='word_1_37' title='bbox 1088 533 1270 573; x_wconf 86' lang='lat' dir='ltr'><strong>parvae,</strong></span> <span class='ocrx_word' id='word_1_38' title='bbox 1322 521 1401 563; x_wconf 90' lang='lat' dir='ltr'><strong>ubi</strong></span> 
     </span>
     <span class='ocr_line' id='line_1_7' title="bbox 71 586 1402 646; baseline 0.002 -15"><span class='ocrx_word' id='word_1_39' title='bbox 71 603 277 646; x_wconf 84' lang='lat' dir='ltr'>quaeras,</span> <span class='ocrx_word' id='word_1_40' title='bbox 312 586 421 644; x_wconf 85' lang='lat' dir='ltr'><strong>quid</strong></span> <span class='ocrx_word' id='word_1_41' title='bbox 449 586 590 628; x_wconf 88' lang='lat' dir='ltr'><strong>secuti</strong></span> <span class='ocrx_word' id='word_1_42' title='bbox 620 586 911 628; x_wconf 85' lang='lat' dir='ltr'><strong>Athenienses</strong></span> <span class='ocrx_word' id='word_1_43' title='bbox 944 603 1089 643; x_wconf 74' lang='lat' dir='ltr'><strong>quave</strong></span> <span class='ocrx_word' id='word_1_44' title='bbox 1122 589 1294 632; x_wconf 82' lang='lat' dir='ltr'><strong>ratione</strong></span> <span class='ocrx_word' id='word_1_45' title='bbox 1326 594 1402 634; x_wconf 89' lang='lat' dir='ltr'><strong>du-</strong></span> 
     </span>
     <span class='ocr_line' id='line_1_8' title="bbox 69 657 1405 718; baseline 0.003 -17"><span class='ocrx_word' id='word_1_46' title='bbox 69 659 149 708; x_wconf 86' lang='lat' dir='ltr'>cti,</span> <span class='ocrx_word' id='word_1_47' title='bbox 181 658 307 700; x_wconf 89' lang='lat' dir='ltr'><strong>aliud</strong></span> <span class='ocrx_word' id='word_1_48' title='bbox 331 657 550 700; x_wconf 87' lang='lat' dir='ltr'><strong>delictum</strong></span> <span class='ocrx_word' id='word_1_49' title='bbox 573 657 658 700; x_wconf 88' lang='lat' dir='ltr'><strong>alio</strong></span> <span class='ocrx_word' id='word_1_50' title='bbox 689 660 823 700; x_wconf 88' lang='lat' dir='ltr'><strong>modo</strong></span> <span class='ocrx_word' id='word_1_51' title='bbox 854 664 1211 718; x_wconf 86' lang='lat' dir='ltr'><strong>persequendum</strong></span> <span class='ocrx_word' id='word_1_52' title='bbox 1243 675 1405 706; x_wconf 85' lang='lat' dir='ltr'><strong>statue-</strong></span> 
     </span>
     <span class='ocr_line' id='line_1_9' title="bbox 68 729 1403 786; baseline 0.003 -13"><span class='ocrx_word' id='word_1_53' title='bbox 68 730 188 786; x_wconf 82' lang='lat' dir='ltr'><strong>rint,</strong></span> <span class='ocrx_word' id='word_1_54' title='bbox 219 745 270 773; x_wconf 88' lang='lat' dir='ltr'><strong>ac</strong></span> <span class='ocrx_word' id='word_1_55' title='bbox 299 729 638 772; x_wconf 78' lang='lat' dir='ltr'><strong>simillimorum</strong></span> <span class='ocrx_word' id='word_1_56' title='bbox 669 745 796 786; x_wconf 86' lang='lat' dir='ltr'>saepe</span> <span class='ocrx_word' id='word_1_57' title='bbox 827 741 903 772; x_wconf 90' lang='lat' dir='ltr'><strong>aut</strong></span> <span class='ocrx_word' id='word_1_58' title='bbox 932 730 1068 772; x_wconf 89' lang='lat' dir='ltr'><strong>unius</strong></span> <span class='ocrx_word' id='word_1_59' title='bbox 1099 731 1302 776; x_wconf 86' lang='lat' dir='ltr'><strong>criminis</strong></span> <span class='ocrx_word' id='word_1_60' title='bbox 1334 737 1403 777; x_wconf 86' lang='lat' dir='ltr'><strong>di-</strong></span> 
     </span>
     <span class='ocr_line' id='line_1_10' title="bbox 68 801 1405 859; baseline 0.005 -15"><span class='ocrx_word' id='word_1_61' title='bbox 68 818 217 846; x_wconf 84' lang='lat' dir='ltr'><strong>versas</strong></span> <span class='ocrx_word' id='word_1_62' title='bbox 256 801 456 845; x_wconf 86' lang='lat' dir='ltr'><strong>actiones</strong></span> <span class='ocrx_word' id='word_1_63' title='bbox 497 815 590 842; x_wconf 87' lang='lat' dir='ltr'><strong>esse</strong></span> <span class='ocrx_word' id='word_1_64' title='bbox 636 801 877 844; x_wconf 86' lang='lat' dir='ltr'><strong>voluerint.</strong></span> <span class='ocrx_word' id='word_1_65' title='bbox 948 806 1106 859; x_wconf 80' lang='lat' dir='ltr'>Neque</span> <span class='ocrx_word' id='word_1_66' title='bbox 1147 818 1310 848; x_wconf 84' lang='lat' dir='ltr'><strong>certam</strong></span> <span class='ocrx_word' id='word_1_67' title='bbox 1351 824 1405 851; x_wconf 85' lang='lat' dir='ltr'><strong>ac</strong></span> 
     </span>
     <span class='ocr_line' id='line_1_11' title="bbox 70 871 1404 935; baseline 0.001 -18"><span class='ocrx_word' id='word_1_68' title='bbox 70 875 274 917; x_wconf 85' lang='lat' dir='ltr'><strong>stabilem</strong></span> <span class='ocrx_word' id='word_1_69' title='bbox 304 873 524 915; x_wconf 85' lang='lat' dir='ltr'><strong>rationem</strong></span> <span class='ocrx_word' id='word_1_70' title='bbox 555 886 629 914; x_wconf 88' lang='lat' dir='ltr'><strong>eos</strong></span> <span class='ocrx_word' id='word_1_71' title='bbox 660 871 711 914; x_wconf 91' lang='lat' dir='ltr'><strong>in</strong></span> <span class='ocrx_word' id='word_1_72' title='bbox 742 873 953 915; x_wconf 86' lang='lat' dir='ltr'><strong>omnibus</strong></span> <span class='ocrx_word' id='word_1_73' title='bbox 984 886 1157 917; x_wconf 85' lang='lat' dir='ltr'><strong>secutos</strong></span> <span class='ocrx_word' id='word_1_74' title='bbox 1199 891 1290 918; x_wconf 85' lang='lat' dir='ltr'><strong>esse</strong></span> <span class='ocrx_word' id='word_1_75' title='bbox 1321 894 1404 935; x_wconf 82' lang='lat' dir='ltr'><strong>ap-</strong></span> 
     </span>
     <span class='ocr_line' id='line_1_12' title="bbox 70 942 1404 1003; baseline 0.002 -16"><span class='ocrx_word' id='word_1_76' title='bbox 70 957 210 1003; x_wconf 88' lang='lat' dir='ltr'><strong>paret.</strong></span> <span class='ocrx_word' id='word_1_77' title='bbox 271 945 417 987; x_wconf 87' lang='lat' dir='ltr'><strong>Multa</strong></span> <span class='ocrx_word' id='word_1_78' title='bbox 449 945 505 985; x_wconf 87' lang='lat' dir='ltr'><strong>ad</strong></span> <span class='ocrx_word' id='word_1_79' title='bbox 534 942 809 1000; x_wconf 84' lang='lat' dir='ltr'><strong>reipublicae</strong></span> <span class='ocrx_word' id='word_1_80' title='bbox 850 961 954 987; x_wconf 87' lang='lat' dir='ltr'><strong>suae</strong></span> <span class='ocrx_word' id='word_1_81' title='bbox 993 947 1207 995; x_wconf 88' lang='lat' dir='ltr'><strong>formam,</strong></span> <span class='ocrx_word' id='word_1_82' title='bbox 1251 950 1306 988; x_wconf 85' lang='lat' dir='ltr'><strong>ad</strong></span> <span class='ocrx_word' id='word_1_83' title='bbox 1339 950 1404 990; x_wconf 86' lang='lat' dir='ltr'><strong>ci-</strong></span> 
     </span>
     <span class='ocr_line' id='line_1_13' title="bbox 66 1014 1404 1073; baseline 0.003 -15"><span class='ocrx_word' id='word_1_84' title='bbox 66 1016 197 1058; x_wconf 81' lang='lat' dir='ltr'><strong>vium</strong></span> <span class='ocrx_word' id='word_1_85' title='bbox 227 1030 374 1058; x_wconf 85' lang='lat' dir='ltr'><strong>mores</strong></span> <span class='ocrx_word' id='word_1_86' title='bbox 405 1014 639 1069; x_wconf 87' lang='lat' dir='ltr'><strong>vitamque</strong></span> <span class='ocrx_word' id='word_1_87' title='bbox 669 1015 888 1071; x_wconf 78' lang='lat' dir='ltr'><strong>privatam</strong></span> <span class='ocrx_word' id='word_1_88' title='bbox 915 1028 957 1058; x_wconf 90' lang='lat' dir='ltr'><strong>et</strong></span> <span class='ocrx_word' id='word_1_89' title='bbox 977 1019 1201 1073; x_wconf 79' lang='lat' dir='ltr'><strong>publicam</strong></span> <span class='ocrx_word' id='word_1_90' title='bbox 1233 1034 1404 1062; x_wconf 87' lang='lat' dir='ltr'><strong>accom-</strong></span> 
     </span>
     <span class='ocr_line' id='line_1_14' title="bbox 66 1086 1406 1139; baseline 0.002 -8"><span class='ocrx_word' id='word_1_91' title='bbox 66 1090 332 1137; x_wconf 83' lang='lat' dir='ltr'><strong>modarunt,</strong></span> <span class='ocrx_word' id='word_1_92' title='bbox 368 1090 511 1130; x_wconf 87' lang='lat' dir='ltr'><strong>multa</strong></span> <span class='ocrx_word' id='word_1_93' title='bbox 543 1100 596 1129; x_wconf 91' lang='lat' dir='ltr'><strong>eo</strong></span> <span class='ocrx_word' id='word_1_94' title='bbox 627 1086 818 1129; x_wconf 86' lang='lat' dir='ltr'><strong>consilio</strong></span> <span class='ocrx_word' id='word_1_95' title='bbox 851 1087 1166 1139; x_wconf 84' lang='lat' dir='ltr'><strong>instituerunt,</strong></span> <span class='ocrx_word' id='word_1_96' title='bbox 1200 1102 1250 1132; x_wconf 89' lang='lat' dir='ltr'><strong>ut</strong></span> <span class='ocrx_word' id='word_1_97' title='bbox 1282 1106 1406 1134; x_wconf 88' lang='lat' dir='ltr'><strong>com-</strong></span> 
     </span>
     <span class='ocr_line' id='line_1_15' title="bbox 71 1158 1404 1220; baseline 0.002 -17"><span class='ocrx_word' id='word_1_98' title='bbox 71 1160 282 1203; x_wconf 86' lang='lat' dir='ltr'><strong>moditati</strong></span> <span class='ocrx_word' id='word_1_99' title='bbox 322 1171 365 1203; x_wconf 89' lang='lat' dir='ltr'><strong>et</strong></span> <span class='ocrx_word' id='word_1_100' title='bbox 405 1158 652 1202; x_wconf 84' lang='lat' dir='ltr'><strong>rationibus</strong></span> <span class='ocrx_word' id='word_1_101' title='bbox 696 1172 878 1213; x_wconf 70' lang='lat' dir='ltr'><strong>eorum,</strong></span> <span class='ocrx_word' id='word_1_102' title='bbox 922 1160 998 1216; x_wconf 89' lang='lat' dir='ltr'><strong>qui</strong></span> <span class='ocrx_word' id='word_1_103' title='bbox 1039 1176 1167 1203; x_wconf 85' lang='lat' dir='ltr'><strong>reum</strong></span> <span class='ocrx_word' id='word_1_104' title='bbox 1206 1162 1404 1220; x_wconf 80' lang='lat' dir='ltr'><strong>aliquem</strong></span> 
     </span>
     <span class='ocr_line' id='line_1_16' title="bbox 71 1230 1405 1280; baseline 0.004 -8"><span class='ocrx_word' id='word_1_105' title='bbox 71 1232 216 1274; x_wconf 85' lang='lat' dir='ltr'><strong>facere</strong></span> <span class='ocrx_word' id='word_1_106' title='bbox 258 1233 448 1280; x_wconf 89' lang='lat' dir='ltr'><strong>vellent,</strong></span> <span class='ocrx_word' id='word_1_107' title='bbox 503 1231 834 1279; x_wconf 83' lang='lat' dir='ltr'><strong>consuleretur,</strong></span> <span class='ocrx_word' id='word_1_108' title='bbox 882 1241 926 1272; x_wconf 89' lang='lat' dir='ltr'><strong>et</strong></span> <span class='ocrx_word' id='word_1_109' title='bbox 966 1230 1142 1274; x_wconf 82' lang='lat' dir='ltr'><strong>facilior</strong></span> <span class='ocrx_word' id='word_1_110' title='bbox 1181 1232 1237 1275; x_wconf 88' lang='lat' dir='ltr'><strong>iis</strong></span> <span class='ocrx_word' id='word_1_111' title='bbox 1279 1235 1405 1278; x_wconf 79' lang='lat' dir='ltr'><strong>fieret</strong></span> 
     </span>
     <span class='ocr_line' id='line_1_17' title="bbox 70 1299 1405 1361; baseline 0.003 -15"><span class='ocrx_word' id='word_1_112' title='bbox 70 1303 311 1361; x_wconf 86' lang='lat' dir='ltr'><strong>minusque</strong></span> <span class='ocrx_word' id='word_1_113' title='bbox 341 1304 529 1346; x_wconf 86' lang='lat' dir='ltr'><strong>molesta</strong></span> <span class='ocrx_word' id='word_1_114' title='bbox 560 1311 605 1343; x_wconf 90' lang='lat' dir='ltr'><strong>et</strong></span> <span class='ocrx_word' id='word_1_115' title='bbox 635 1299 889 1357; x_wconf 87' lang='lat' dir='ltr'><strong>periculosa</strong></span> <span class='ocrx_word' id='word_1_116' title='bbox 921 1302 1160 1345; x_wconf 86' lang='lat' dir='ltr'><strong>criminum</strong></span> <span class='ocrx_word' id='word_1_117' title='bbox 1190 1306 1405 1350; x_wconf 86' lang='lat' dir='ltr'><strong>ulciscen-</strong></span> 
     </span>
     <span class='ocr_line' id='line_1_18' title="bbox 73 1371 1405 1430; baseline 0.002 -12"><span class='ocrx_word' id='word_1_118' title='bbox 73 1377 236 1418; x_wconf 81' lang='lat' dir='ltr'><strong>dorum</strong></span> <span class='ocrx_word' id='word_1_119' title='bbox 266 1376 454 1417; x_wconf 81' lang='lat' dir='ltr'><strong>facultas</strong></span> <span class='ocrx_word' id='word_1_120' title='bbox 468 1376 518 1423; x_wconf 85' lang='lat'><strong>¹).</strong></span> <span class='ocrx_word' id='word_1_121' title='bbox 579 1374 724 1428; x_wconf 88' lang='lat' dir='ltr'><strong>Atque</strong></span> <span class='ocrx_word' id='word_1_122' title='bbox 754 1372 831 1414; x_wconf 89' lang='lat' dir='ltr'><strong>hic</strong></span> <span class='ocrx_word' id='word_1_123' title='bbox 861 1371 971 1414; x_wconf 90' lang='lat' dir='ltr'><strong>illud</strong></span> <span class='ocrx_word' id='word_1_124' title='bbox 1000 1373 1224 1430; x_wconf 85' lang='lat' dir='ltr'><strong>imprimis</strong></span> <span class='ocrx_word' id='word_1_125' title='bbox 1253 1389 1405 1420; x_wconf 88' lang='lat' dir='ltr'><strong>tenen-</strong></span> 
     </span>
     <span class='ocr_line' id='line_1_19' title="bbox 72 1441 1406 1500; baseline 0.004 -12"><span class='ocrx_word' id='word_1_126' title='bbox 72 1448 180 1488; x_wconf 88' lang='lat' dir='ltr'><strong>dum</strong></span> <span class='ocrx_word' id='word_1_127' title='bbox 212 1457 290 1494; x_wconf 91' lang='lat' dir='ltr'><strong>est,</strong></span> <span class='ocrx_word' id='word_1_128' title='bbox 325 1459 411 1497; x_wconf 84' lang='lat' dir='ltr'><strong>eas,</strong></span> <span class='ocrx_word' id='word_1_129' title='bbox 445 1457 558 1500; x_wconf 88' lang='lat' dir='ltr'><strong>quae</strong></span> <span class='ocrx_word' id='word_1_130' title='bbox 589 1457 612 1483; x_wconf 94' lang='lat' dir='ltr'><strong>a</strong></span> <span class='ocrx_word' id='word_1_131' title='bbox 643 1441 776 1483; x_wconf 89' lang='lat' dir='ltr'><strong>nobis</strong></span> <span class='ocrx_word' id='word_1_132' title='bbox 807 1443 944 1484; x_wconf 85' lang='lat' dir='ltr'><strong>hodie</strong></span> <span class='ocrx_word' id='word_1_133' title='bbox 975 1444 1063 1485; x_wconf 89' lang='lat' dir='ltr'><strong>dici</strong></span> <span class='ocrx_word' id='word_1_134' title='bbox 1096 1448 1241 1488; x_wconf 80' lang='lat' dir='ltr'><strong>solent</strong></span> <span class='ocrx_word' id='word_1_135' title='bbox 1271 1451 1406 1494; x_wconf 81' lang='lat' dir='ltr'><strong>actio-</strong></span> 
     </span>
     <span class='ocr_line' id='line_1_20' title="bbox 72 1513 1406 1570; baseline 0.002 -10"><span class='ocrx_word' id='word_1_136' title='bbox 72 1533 152 1560; x_wconf 86' lang='lat' dir='ltr'><strong>nes</strong></span> <span class='ocrx_word' id='word_1_137' title='bbox 183 1518 351 1559; x_wconf 86' lang='lat' dir='ltr'><strong>fiscales</strong></span> <span class='ocrx_word' id='word_1_138' title='bbox 393 1526 438 1558; x_wconf 86' lang='lat' dir='ltr'><strong>et</strong></span> <span class='ocrx_word' id='word_1_139' title='bbox 478 1513 812 1570; x_wconf 85' lang='lat' dir='ltr'><strong>inquisitorias‚</strong></span> <span class='ocrx_word' id='word_1_140' title='bbox 855 1514 1076 1556; x_wconf 86' lang='lat' dir='ltr'><strong>veteribus</strong></span> <span class='ocrx_word' id='word_1_141' title='bbox 1118 1519 1406 1564; x_wconf 77' lang='lat' dir='ltr'><strong>Atheniensi-</strong></span> 
     </span>
     <span class='ocr_line' id='line_1_21' title="bbox 74 1585 1407 1647; baseline -0.002 -16"><span class='ocrx_word' id='word_1_142' title='bbox 74 1591 155 1631; x_wconf 91' lang='lat' dir='ltr'><strong>bus</strong></span> <span class='ocrx_word' id='word_1_143' title='bbox 187 1600 232 1630; x_wconf 85' lang='lat' dir='ltr'><strong>et</strong></span> <span class='ocrx_word' id='word_1_144' title='bbox 260 1586 477 1631; x_wconf 85' lang='lat' dir='ltr'><strong>Romanis</strong></span> <span class='ocrx_word' id='word_1_145' title='bbox 510 1599 687 1644; x_wconf 85' lang='lat' dir='ltr'><strong>quoque</strong></span> <span class='ocrx_word' id='word_1_146' title='bbox 710 1585 800 1627; x_wconf 88' lang='lat' dir='ltr'><strong>fere</strong></span> <span class='ocrx_word' id='word_1_147' title='bbox 820 1587 963 1628; x_wconf 87' lang='lat' dir='ltr'><strong>nullas</strong></span> <span class='ocrx_word' id='word_1_148' title='bbox 994 1585 1195 1642; x_wconf 55' lang='lat' dir='ltr'><strong>fuisse),</strong></span> <span class='ocrx_word' id='word_1_149' title='bbox 1259 1593 1407 1647; x_wconf 71' lang='lat' dir='ltr'><strong>Quare</strong></span> 
     </span>
    </p>
   </div>
   <div class='ocr_carea' id='block_1_3' title="bbox 71 1739 1407 2091">
    <p class='ocr_par' dir='ltr' id='par_1_3' title="bbox 71 1739 1407 2091">
     <span class='ocr_line' id='line_1_22' title="bbox 120 1739 1403 1795; baseline 0.005 -17"><span class='ocrx_word' id='word_1_150' title='bbox 120 1746 154 1788; x_wconf 82' lang='lat'><strong>1)</strong></span> <span class='ocrx_word' id='word_1_151' title='bbox 182 1743 241 1778; x_wconf 86' lang='lat' dir='ltr'><strong>Cf.</strong></span> <span class='ocrx_word' id='word_1_152' title='bbox 268 1742 467 1779; x_wconf 87' lang='lat' dir='ltr'><strong>Demosth.</strong></span> <span class='ocrx_word' id='word_1_153' title='bbox 489 1741 571 1776; x_wconf 78' lang='lat' dir='ltr'><strong>adv,</strong></span> <span class='ocrx_word' id='word_1_154' title='bbox 592 1742 751 1776; x_wconf 81' lang='lat' dir='ltr'><strong>Androt.</strong></span> <span class='ocrx_word' id='word_1_155' title='bbox 771 1753 807 1788; x_wconf 83' lang='lat' dir='ltr'><strong>p.</strong></span> <span class='ocrx_word' id='word_1_156' title='bbox 827 1742 907 1778; x_wconf 86' lang='lat'><strong>601.</strong></span> <span class='ocrx_word' id='word_1_157' title='bbox 929 1743 1014 1779; x_wconf 78' lang='grc' dir='ltr'><strong>Δεῖν</strong></span> <span class='ocrx_word' id='word_1_158' title='bbox 1033 1739 1066 1777; x_wconf 80' lang='grc' dir='ltr'><strong>δ’</strong></span> <span class='ocrx_word' id='word_1_159' title='bbox 1083 1740 1172 1788; x_wconf 67' lang='grc' dir='ltr'><strong>ᾤετο</strong></span> <span class='ocrx_word' id='word_1_160' title='bbox 1194 1744 1236 1790; x_wconf 86' lang='lat' dir='ltr'><strong>(o‘</strong></span> <span class='ocrx_word' id='word_1_161' title='bbox 1258 1746 1403 1795; x_wconf 73' lang='grc' dir='ltr'><em>Σόλων)</em></span> 
     </span>
     <span class='ocr_line' id='line_1_23' title="bbox 71 1801 1405 1852; baseline 0.004 -12"><span class='ocrx_word' id='word_1_162' title='bbox 71 1802 212 1852; x_wconf 78' lang='grc' dir='ltr'><strong><em>μηδένα</em></strong></span> <span class='ocrx_word' id='word_1_163' title='bbox 251 1802 543 1851; x_wconf 76' lang='grc' dir='ltr'><strong><em>α’ποστερεῗσθαι</em></strong></span> <span class='ocrx_word' id='word_1_164' title='bbox 567 1802 634 1840; x_wconf 75' lang='grc' dir='ltr'><strong>τοῦ</strong></span> <span class='ocrx_word' id='word_1_165' title='bbox 668 1801 770 1847; x_wconf 70' lang='grc' dir='ltr'><strong><em>δίκης</em></strong></span> <span class='ocrx_word' id='word_1_166' title='bbox 801 1806 941 1848; x_wconf 77' lang='grc' dir='ltr'><em>τυχεῖν,</em></span> <span class='ocrx_word' id='word_1_167' title='bbox 975 1802 1022 1840; x_wconf 76' lang='lat' dir='ltr'><strong>w‘c</strong></span> <span class='ocrx_word' id='word_1_168' title='bbox 1055 1805 1202 1841; x_wconf 75' lang='grc' dir='ltr'><strong><em>ἕκαστος</em></strong></span> <span class='ocrx_word' id='word_1_169' title='bbox 1237 1805 1405 1847; x_wconf 77' lang='grc' dir='ltr'><strong>δύναται.</strong></span> 
     </span>
     <span class='ocr_line' id='line_1_24' title="bbox 72 1860 1404 1914; baseline 0.002 -13"><span class='ocrx_word' id='word_1_170' title='bbox 72 1865 152 1902; x_wconf 71' lang='grc' dir='ltr'><strong>πῶς</strong></span> <span class='ocrx_word' id='word_1_171' title='bbox 175 1860 240 1901; x_wconf 73' lang='grc' dir='ltr'><strong>οὖν</strong></span> <span class='ocrx_word' id='word_1_172' title='bbox 262 1865 363 1902; x_wconf 73' lang='grc' dir='ltr'><strong><em>ἔσται</em></strong></span> <span class='ocrx_word' id='word_1_173' title='bbox 389 1865 526 1904; x_wconf 69' lang='grc' dir='ltr'><strong><em>τοῦτος</em></strong></span> <span class='ocrx_word' id='word_1_174' title='bbox 549 1864 616 1900; x_wconf 57' lang='lat' dir='ltr'><strong>{dv</strong></span> <span class='ocrx_word' id='word_1_175' title='bbox 640 1864 779 1900; x_wconf 73' lang='grc' dir='ltr'><strong><em>πολλάς</em></strong></span> <span class='ocrx_word' id='word_1_176' title='bbox 804 1862 909 1900; x_wconf 65' lang='grc' dir='ltr'><strong>ὅὸοιῖς</strong></span> <span class='ocrx_word' id='word_1_177' title='bbox 934 1863 985 1909; x_wconf 67' lang='grc' dir='ltr'><strong>διξ</strong></span> <span class='ocrx_word' id='word_1_178' title='bbox 1008 1863 1068 1901; x_wconf 64' lang='lat' dir='ltr'><strong>(lui</strong></span> <span class='ocrx_word' id='word_1_179' title='bbox 1092 1866 1169 1902; x_wconf 70' lang='grc' dir='ltr'><strong>τῶν</strong></span> <span class='ocrx_word' id='word_1_180' title='bbox 1194 1866 1317 1914; x_wconf 72' lang='grc' dir='ltr'>νόμων</span> <span class='ocrx_word' id='word_1_181' title='bbox 1341 1870 1404 1909; x_wconf 68' lang='grc' dir='ltr'><strong>ἐπὶ</strong></span> 
     </span>
     <span class='ocr_line' id='line_1_25' title="bbox 71 1923 1406 1972; baseline 0.004 -11"><span class='ocrx_word' id='word_1_182' title='bbox 71 1925 156 1962; x_wconf 68' lang='grc' dir='ltr'><strong>’τούς</strong></span> <span class='ocrx_word' id='word_1_183' title='bbox 177 1923 408 1972; x_wconf 67' lang='grc' dir='ltr'><strong><em>ἠδικηκότας.</em></strong></span> <span class='ocrx_word' id='word_1_184' title='bbox 458 1928 582 1971; x_wconf 87' lang='lat' dir='ltr'><strong>Atque</strong></span> <span class='ocrx_word' id='word_1_185' title='bbox 600 1924 639 1958; x_wconf 88' lang='lat' dir='ltr'><strong>id</strong></span> <span class='ocrx_word' id='word_1_186' title='bbox 663 1924 792 1960; x_wconf 84' lang='lat' dir='ltr'><strong>statim</strong></span> <span class='ocrx_word' id='word_1_187' title='bbox 815 1926 1003 1961; x_wconf 79' lang='lat' dir='ltr'><strong>variarum</strong></span> <span class='ocrx_word' id='word_1_188' title='bbox 1019 1927 1211 1962; x_wconf 81' lang='lat' dir='ltr'><strong>actionum</strong></span> <span class='ocrx_word' id='word_1_189' title='bbox 1231 1929 1277 1963; x_wconf 89' lang='lat' dir='ltr'><strong>de</strong></span> <span class='ocrx_word' id='word_1_190' title='bbox 1302 1931 1406 1966; x_wconf 82' lang='lat' dir='ltr'><strong>furto</strong></span> 
     </span>
     <span class='ocr_line' id='line_1_26' title="bbox 72 1985 1407 2036; baseline 0.005 -16"><span class='ocrx_word' id='word_1_191' title='bbox 72 1993 112 2020; x_wconf 84' lang='lat' dir='ltr'><strong>et</strong></span> <span class='ocrx_word' id='word_1_192' title='bbox 136 1986 184 2020; x_wconf 90' lang='lat' dir='ltr'><strong>de</strong></span> <span class='ocrx_word' id='word_1_193' title='bbox 208 1986 403 2031; x_wconf 82' lang='lat' dir='ltr'><strong>impietate</strong></span> <span class='ocrx_word' id='word_1_194' title='bbox 427 1987 607 2031; x_wconf 81' lang='lat' dir='ltr'><strong>exemplis</strong></span> <span class='ocrx_word' id='word_1_195' title='bbox 632 1985 843 2021; x_wconf 82' lang='lat' dir='ltr'><strong>confirmat.</strong></span> <span class='ocrx_word' id='word_1_196' title='bbox 889 1988 1042 2022; x_wconf 86' lang='lat' dir='ltr'><strong>Deinde</strong></span> <span class='ocrx_word' id='word_1_197' title='bbox 1066 1989 1189 2023; x_wconf 83' lang='lat' dir='ltr'><strong>addit:</strong></span> <span class='ocrx_word' id='word_1_198' title='bbox 1223 1996 1307 2036; x_wconf 76' lang='grc' dir='ltr'><strong>περὶ</strong></span> <span class='ocrx_word' id='word_1_199' title='bbox 1332 1992 1407 2027; x_wconf 70' lang='grc' dir='ltr'><strong>τῶν</strong></span> 
     </span>
     <span class='ocr_line' id='line_1_27' title="bbox 74 2044 964 2091; baseline 0 -8"><span class='ocrx_word' id='word_1_200' title='bbox 74 2046 197 2083; x_wconf 66' lang='grc' dir='ltr'><em>ἄλλων</em></span> <span class='ocrx_word' id='word_1_201' title='bbox 221 2044 399 2083; x_wconf 61' lang='lat' dir='ltr'><strong>sincium!</strong></span> <span class='ocrx_word' id='word_1_202' title='bbox 422 2046 489 2082; x_wconf 74' lang='grc' dir='ltr'><strong>τόν</strong></span> <span class='ocrx_word' id='word_1_203' title='bbox 520 2044 636 2083; x_wconf 73' lang='grc' dir='ltr'><strong><em>αὑτόν</em></strong></span> <span class='ocrx_word' id='word_1_204' title='bbox 658 2044 802 2091; x_wconf 73' lang='grc' dir='ltr'><strong><em>τρόπον</em></strong></span> <span class='ocrx_word' id='word_1_205' title='bbox 824 2045 964 2090; x_wconf 73' lang='grc' dir='ltr'><em>σχεδόν.</em></span> 
     </span>
    </p>
   </div>
   <div class='ocr_carea' id='block_1_4' title="bbox 74 2129 1409 2726">
    <p class='ocr_par' dir='ltr' id='par_1_4' title="bbox 74 2129 1409 2726">
     <span class='ocr_line' id='line_1_28' title="bbox 122 2129 1406 2178; baseline 0.005 -13"><span class='ocrx_word' id='word_1_206' title='bbox 122 2130 158 2173; x_wconf 79' lang='lat'><strong>2)</strong></span> <span class='ocrx_word' id='word_1_207' title='bbox 184 2132 279 2165; x_wconf 85' lang='lat' dir='ltr'><strong>Fere</strong></span> <span class='ocrx_word' id='word_1_208' title='bbox 302 2131 445 2174; x_wconf 84' lang='lat' dir='ltr'><strong>nullas,</strong></span> <span class='ocrx_word' id='word_1_209' title='bbox 473 2130 569 2173; x_wconf 81' lang='lat' dir='ltr'><strong>dixi3</strong></span> <span class='ocrx_word' id='word_1_210' title='bbox 604 2141 692 2164; x_wconf 90' lang='lat' dir='ltr'><strong>nam</strong></span> <span class='ocrx_word' id='word_1_211' title='bbox 715 2142 793 2164; x_wconf 87' lang='lat' dir='ltr'><strong>non</strong></span> <span class='ocrx_word' id='word_1_212' title='bbox 818 2129 952 2165; x_wconf 86' lang='lat' dir='ltr'><strong>desunt</strong></span> <span class='ocrx_word' id='word_1_213' title='bbox 976 2133 1148 2178; x_wconf 82' lang='lat' dir='ltr'><strong>exempla</strong></span> <span class='ocrx_word' id='word_1_214' title='bbox 1173 2134 1406 2171; x_wconf 86' lang='lat' dir='ltr'><strong>delationum</strong></span> 
     </span>
     <span class='ocr_line' id='line_1_29' title="bbox 74 2190 1408 2242; baseline 0.004 -16"><span class='ocrx_word' id='word_1_215' title='bbox 74 2197 115 2226; x_wconf 82' lang='lat' dir='ltr'><strong>et</strong></span> <span class='ocrx_word' id='word_1_216' title='bbox 138 2190 429 2238; x_wconf 83' lang='lat' dir='ltr'><strong>inquisitionum</strong></span> <span class='ocrx_word' id='word_1_217' title='bbox 453 2203 474 2226; x_wconf 82' lang='lat' dir='ltr'><strong>a</strong></span> <span class='ocrx_word' id='word_1_218' title='bbox 497 2190 658 2237; x_wconf 85' lang='lat' dir='ltr'><strong>publicis</strong></span> <span class='ocrx_word' id='word_1_219' title='bbox 680 2191 853 2236; x_wconf 83' lang='lat' dir='ltr'><strong>personis</strong></span> <span class='ocrx_word' id='word_1_220' title='bbox 876 2199 941 2226; x_wconf 89' lang='lat' dir='ltr'><strong>aut</strong></span> <span class='ocrx_word' id='word_1_221' title='bbox 960 2204 1005 2226; x_wconf 87' lang='lat' dir='ltr'><strong>ex</strong></span> <span class='ocrx_word' id='word_1_222' title='bbox 1033 2194 1162 2228; x_wconf 77' lang='lat' dir='ltr'><strong>officio</strong></span> <span class='ocrx_word' id='word_1_223' title='bbox 1188 2203 1252 2229; x_wconf 89' lang='lat' dir='ltr'><strong>aut</strong></span> <span class='ocrx_word' id='word_1_224' title='bbox 1276 2198 1408 2242; x_wconf 83' lang='lat' dir='ltr'><strong>populi</strong></span> 
     </span>
     <span class='ocr_line' id='line_1_30' title="bbox 76 2252 1409 2300; baseline 0.006 -15"><span class='ocrx_word' id='word_1_225' title='bbox 76 2253 181 2295; x_wconf 79' lang='lat' dir='ltr'><strong>iussu</strong></span> <span class='ocrx_word' id='word_1_226' title='bbox 206 2252 404 2287; x_wconf 84' lang='lat' dir='ltr'><strong>factarum.</strong></span> <span class='ocrx_word' id='word_1_227' title='bbox 469 2254 526 2287; x_wconf 82' lang='lat' dir='ltr'><strong>Ita</strong></span> <span class='ocrx_word' id='word_1_228' title='bbox 559 2265 593 2286; x_wconf 93' lang='lat' dir='ltr'><strong>v.</strong></span> <span class='ocrx_word' id='word_1_229' title='bbox 631 2264 662 2286; x_wconf 90' lang='lat' dir='ltr'><strong>c.</strong></span> <span class='ocrx_word' id='word_1_230' title='bbox 702 2252 742 2285; x_wconf 91' lang='lat' dir='ltr'><strong>in</strong></span> <span class='ocrx_word' id='word_1_231' title='bbox 767 2263 855 2294; x_wconf 89' lang='lat' dir='ltr'><strong>eos,</strong></span> <span class='ocrx_word' id='word_1_232' title='bbox 888 2253 952 2298; x_wconf 86' lang='lat' dir='ltr'><strong>qui</strong></span> <span class='ocrx_word' id='word_1_233' title='bbox 984 2254 1155 2300; x_wconf 77' lang='lat' dir='ltr'><strong>suffragii</strong></span> <span class='ocrx_word' id='word_1_234' title='bbox 1178 2258 1235 2299; x_wconf 73' lang='lat' dir='ltr'><strong>ius</strong></span> <span class='ocrx_word' id='word_1_235' title='bbox 1261 2266 1409 2293; x_wconf 82' lang='lat' dir='ltr'><strong>temere</strong></span> 
     </span>
     <span class='ocr_line' id='line_1_31' title="bbox 75 2314 1406 2364; baseline 0.005 -17"><span class='ocrx_word' id='word_1_236' title='bbox 75 2318 334 2358; x_wconf 83' lang='lat' dir='ltr'><strong>usurpassent,</strong></span> <span class='ocrx_word' id='word_1_237' title='bbox 356 2314 620 2359; x_wconf 76' lang='lat' dir='ltr'><strong>inquirebatur</strong></span> <span class='ocrx_word' id='word_1_238' title='bbox 643 2326 666 2348; x_wconf 87' lang='lat' dir='ltr'><strong>a</strong></span> <span class='ocrx_word' id='word_1_239' title='bbox 683 2314 923 2354; x_wconf 79' lang='lat' dir='ltr'><strong>Lexiarchis3</strong></span> <span class='ocrx_word' id='word_1_240' title='bbox 947 2326 980 2347; x_wconf 88' lang='lat' dir='ltr'><strong>v.</strong></span> <span class='ocrx_word' id='word_1_241' title='bbox 1006 2314 1074 2349; x_wconf 71' lang='lat' dir='ltr'><strong>lib.</strong></span> <span class='ocrx_word' id='word_1_242' title='bbox 1099 2317 1129 2350; x_wconf 89' lang='grc' dir='ltr'><strong>Ι.</strong></span> <span class='ocrx_word' id='word_1_243' title='bbox 1157 2329 1188 2351; x_wconf 92' lang='lat' dir='ltr'><strong>c.</strong></span> <span class='ocrx_word' id='word_1_244' title='bbox 1217 2317 1249 2352; x_wconf 89' lang='lat'><strong>6.</strong></span> <span class='ocrx_word' id='word_1_245' title='bbox 1277 2320 1341 2364; x_wconf 85' lang='lat' dir='ltr'><strong>qui</strong></span> <span class='ocrx_word' id='word_1_246' title='bbox 1366 2320 1406 2353; x_wconf 86' lang='lat' dir='ltr'><strong>in</strong></span> 
     </span>
     <span class='ocr_line' id='line_1_32' title="bbox 78 2373 1406 2422; baseline 0.006 -16"><span class='ocrx_word' id='word_1_247' title='bbox 78 2373 219 2407; x_wconf 84' lang='lat' dir='ltr'><strong>Senatu</strong></span> <span class='ocrx_word' id='word_1_248' title='bbox 243 2380 308 2407; x_wconf 85' lang='lat' dir='ltr'><strong>aut</strong></span> <span class='ocrx_word' id='word_1_249' title='bbox 331 2375 495 2409; x_wconf 85' lang='lat' dir='ltr'><strong>comitiis</strong></span> <span class='ocrx_word' id='word_1_250' title='bbox 529 2375 726 2409; x_wconf 85' lang='lat' dir='ltr'><strong>seditiosos</strong></span> <span class='ocrx_word' id='word_1_251' title='bbox 761 2382 800 2410; x_wconf 82' lang='lat' dir='ltr'><strong>et</strong></span> <span class='ocrx_word' id='word_1_252' title='bbox 834 2376 1074 2410; x_wconf 85' lang='lat' dir='ltr'><strong>turbulentos</strong></span> <span class='ocrx_word' id='word_1_253' title='bbox 1112 2389 1153 2411; x_wconf 88' lang='lat' dir='ltr'><strong>se</strong></span> <span class='ocrx_word' id='word_1_254' title='bbox 1187 2379 1406 2422; x_wconf 82' lang='lat' dir='ltr'><strong>gessissent,</strong></span> 
     </span>
     <span class='ocr_line' id='line_1_33' title="bbox 75 2433 1408 2486; baseline 0.005 -19"><span class='ocrx_word' id='word_1_255' title='bbox 75 2444 100 2467; x_wconf 82' lang='lat' dir='ltr'><strong>a</strong></span> <span class='ocrx_word' id='word_1_256' title='bbox 124 2433 299 2468; x_wconf 87' lang='lat' dir='ltr'><strong>Proedris</strong></span> <span class='ocrx_word' id='word_1_257' title='bbox 332 2441 396 2470; x_wconf 84' lang='lat' dir='ltr'><strong>aut</strong></span> <span class='ocrx_word' id='word_1_258' title='bbox 420 2435 723 2479; x_wconf 79' lang='lat' dir='ltr'><strong>mulctabantur,</strong></span> <span class='ocrx_word' id='word_1_259' title='bbox 757 2443 820 2470; x_wconf 87' lang='lat' dir='ltr'><strong>aut</strong></span> <span class='ocrx_word' id='word_1_260' title='bbox 853 2436 900 2470; x_wconf 87' lang='lat' dir='ltr'><strong>ad</strong></span> <span class='ocrx_word' id='word_1_261' title='bbox 934 2437 1114 2472; x_wconf 84' lang='lat' dir='ltr'><strong>Senatum</strong></span> <span class='ocrx_word' id='word_1_262' title='bbox 1147 2440 1408 2486; x_wconf 63' lang='lat' dir='ltr'><strong>populumque</strong></span> 
     </span>
     <span class='ocr_line' id='line_1_34' title="bbox 79 2492 1408 2544; baseline 0.006 -19"><span class='ocrx_word' id='word_1_263' title='bbox 79 2492 351 2529; x_wconf 82' lang='lat' dir='ltr'><strong>deferebantur</strong></span> <span class='ocrx_word' id='word_1_264' title='bbox 373 2508 407 2529; x_wconf 88' lang='lat' dir='ltr'><strong>v.</strong></span> <span class='ocrx_word' id='word_1_265' title='bbox 439 2495 489 2529; x_wconf 87' lang='lat' dir='ltr'><strong>ib.</strong></span> <span class='ocrx_word' id='word_1_266' title='bbox 519 2507 550 2529; x_wconf 89' lang='lat' dir='ltr'><strong>c.</strong></span> <span class='ocrx_word' id='word_1_267' title='bbox 581 2508 633 2530; x_wconf 85' lang='lat'><strong>10.</strong></span> <span class='ocrx_word' id='word_1_268' title='bbox 659 2498 939 2543; x_wconf 84' lang='lat' dir='ltr'><strong>Nonnunquam</strong></span> <span class='ocrx_word' id='word_1_269' title='bbox 971 2510 992 2531; x_wconf 88' lang='lat' dir='ltr'><strong>a</strong></span> <span class='ocrx_word' id='word_1_270' title='bbox 1015 2500 1156 2544; x_wconf 79' lang='lat' dir='ltr'><strong>populo</strong></span> <span class='ocrx_word' id='word_1_271' title='bbox 1183 2501 1408 2534; x_wconf 80' lang='lat' dir='ltr'><strong>creabantur</strong></span> 
     </span>
     <span class='ocr_line' id='line_1_35' title="bbox 78 2553 1406 2605; baseline 0.008 -20"><span class='ocrx_word' id='word_1_272' title='bbox 78 2553 335 2598; x_wconf 81' lang='lat' dir='ltr'><strong>inquisitores,</strong></span> <span class='ocrx_word' id='word_1_273' title='bbox 361 2556 524 2599; x_wconf 79' lang='grc' dir='ltr'><strong><em>ζητηταί.</em></strong></span> <span class='ocrx_word' id='word_1_274' title='bbox 552 2568 586 2590; x_wconf 81' lang='grc' dir='ltr'><strong>ν.</strong></span> <span class='ocrx_word' id='word_1_275' title='bbox 612 2555 794 2591; x_wconf 79' lang='lat' dir='ltr'><strong>Andocid.</strong></span> <span class='ocrx_word' id='word_1_276' title='bbox 823 2557 870 2592; x_wconf 89' lang='lat' dir='ltr'><strong>de</strong></span> <span class='ocrx_word' id='word_1_277' title='bbox 895 2559 1055 2603; x_wconf 75' lang='lat' dir='ltr'><strong>Myster.</strong></span> <span class='ocrx_word' id='word_1_278' title='bbox 1081 2572 1117 2604; x_wconf 89' lang='lat' dir='ltr'><strong>p.</strong></span> <span class='ocrx_word' id='word_1_279' title='bbox 1144 2572 1176 2605; x_wconf 74' lang='lat'><strong>3.</strong></span> <span class='ocrx_word' id='word_1_280' title='bbox 1205 2567 1267 2594; x_wconf 87' lang='lat' dir='ltr'><strong>aut</strong></span> <span class='ocrx_word' id='word_1_281' title='bbox 1292 2562 1406 2595; x_wconf 84' lang='lat' dir='ltr'><strong>Areo-</strong></span> 
     </span>
     <span class='ocr_line' id='line_1_36' title="bbox 76 2613 1404 2667; baseline 0.007 -20"><span class='ocrx_word' id='word_1_282' title='bbox 76 2613 212 2659; x_wconf 76' lang='lat' dir='ltr'><strong>pagitis</strong></span> <span class='ocrx_word' id='word_1_283' title='bbox 237 2615 511 2650; x_wconf 78' lang='lat' dir='ltr'><strong>mandabantur</strong></span> <span class='ocrx_word' id='word_1_284' title='bbox 534 2617 810 2662; x_wconf 81' lang='lat' dir='ltr'><strong>inquisitiones.</strong></span> <span class='ocrx_word' id='word_1_285' title='bbox 833 2631 866 2652; x_wconf 87' lang='lat' dir='ltr'><strong>v.</strong></span> <span class='ocrx_word' id='word_1_286' title='bbox 893 2620 1073 2653; x_wconf 76' lang='lat' dir='ltr'><strong>Dinarclx.</strong></span> <span class='ocrx_word' id='word_1_287' title='bbox 1101 2621 1141 2654; x_wconf 85' lang='lat' dir='ltr'><strong>in</strong></span> <span class='ocrx_word' id='word_1_288' title='bbox 1152 2621 1350 2656; x_wconf 83' lang='lat' dir='ltr'><strong>Demosth.</strong></span> <span class='ocrx_word' id='word_1_289' title='bbox 1367 2634 1404 2667; x_wconf 88' lang='lat' dir='ltr'><strong>p.</strong></span> 
     </span>
     <span class='ocr_line' id='line_1_37' title="bbox 76 2675 1408 2726; baseline 0.006 -18"><span class='ocrx_word' id='word_1_290' title='bbox 76 2685 135 2719; x_wconf 83' lang='lat'><strong>90.</strong></span> <span class='ocrx_word' id='word_1_291' title='bbox 164 2675 188 2710; x_wconf 94' lang='lat' dir='ltr'><strong>l.</strong></span> <span class='ocrx_word' id='word_1_292' title='bbox 227 2687 280 2722; x_wconf 84' lang='lat'><strong>¹9·</strong></span> <span class='ocrx_word' id='word_1_293' title='bbox 306 2676 433 2722; x_wconf 88' lang='lat' dir='ltr'><strong>Steph.</strong></span> <span class='ocrx_word' id='word_1_294' title='bbox 470 2677 519 2712; x_wconf 85' lang='lat' dir='ltr'><strong>ib.</strong></span> <span class='ocrx_word' id='word_1_295' title='bbox 562 2690 619 2725; x_wconf 81' lang='lat'><strong>97.</strong></span> <span class='ocrx_word' id='word_1_296' title='bbox 650 2678 704 2715; x_wconf 85' lang='lat'><strong>26.</strong></span> <span class='ocrx_word' id='word_1_297' title='bbox 740 2685 804 2713; x_wconf 76' lang='lat' dir='ltr'><strong>aut</strong></span> <span class='ocrx_word' id='word_1_298' title='bbox 838 2679 884 2714; x_wconf 84' lang='lat' dir='ltr'><strong>ab</strong></span> <span class='ocrx_word' id='word_1_299' title='bbox 915 2679 1006 2725; x_wconf 78' lang='lat' dir='ltr'><strong>ipsis</strong></span> <span class='ocrx_word' id='word_1_300' title='bbox 1038 2691 1102 2714; x_wconf 87' lang='lat' dir='ltr'><strong>sua</strong></span> <span class='ocrx_word' id='word_1_301' title='bbox 1136 2688 1272 2726; x_wconf 83' lang='lat' dir='ltr'><strong>sponte</strong></span> <span class='ocrx_word' id='word_1_302' title='bbox 1306 2682 1408 2717; x_wconf 83' lang='lat' dir='ltr'><strong>insti-</strong></span> 
     </span>
    </p>
   </div>
  </div>
 </body>
</html>
