1706 3058
255 71 337 115 280

257 187 437 233 propter
476 175 605 219 istam
645 174 753 217 anni
784 177 997 232 temporis
1027 176 1419 234 praescriptionem
1448 193 1582 221 accu-

259 245 421 289 sationi
462 262 553 288 non
593 252 680 299 jam
722 246 944 296 obnoxio;
1001 264 1148 308 neque
1201 261 1351 292 tamen
1393 250 1585 292 dubium

263 329 353 366 est,
394 317 502 373 quin
544 331 592 358 ea
636 331 764 359 causa
795 333 885 360 non
917 321 1035 376 apud
1066 324 1386 369 Nomothetas‚
1430 323 1506 363 sed
1537 320 1586 362 in

260 388 500 430 Heliastico
539 387 708 440 judicio
751 401 846 432 acta
888 390 1019 444 sit⁸‘).
1090 395 1240 450 Itaque
1286 394 1374 434 hoc
1408 375 1622 434 videtur'

263 461 571 502 statuendum:
615 472 785 504 veteres
818 463 957 518 leges,
997 478 1109 520 quae
1140 468 1225 515 jam
1267 461 1347 504 diu
1386 473 1588 519 receptae

263 540 433 578 essent,
473 532 700 588 longoque
741 543 937 588 tempore
981 534 1338 582 convaluissent,
1388 532 1587 590 abrogari

260 599 479 658 novisque
512 603 775 644 commutari
806 603 986 646 nonnisi
1030 605 1144 661 apud
1176 607 1472 647 Nomothetas
1503 615 1589 646 sta-

260 682 395 727 toque
429 683 651 729 ternpore;
683 674 952 716 recentiores
985 687 1132 716 autem
1156 677 1353 716 necdum
1381 690 1465 716 usu
1485 689 1588 716 con-

263 741 459 785 firmatas
501 744 699 787 accusari
743 745 790 786 in
824 744 1000 786 Heliaea
1034 757 1076 786 et
1106 759 1196 802 quo
1238 745 1425 801 quisque
1456 746 1590 786 vellet

263 825 461 869 tempore
492 815 710 873 potuisse;
745 815 792 856 id
823 818 942 872 quod
975 816 1022 857 in
1055 815 1253 873 Leptinis
1285 815 1415 857 istam
1445 818 1590 874 legem

262 885 429 941 optime
460 888 724 943 quadrat‘⁷).
787 889 944 943 Neque
975 887 1112 944 igitur
1151 901 1173 927 a
1213 885 1374 927 ceteris
1415 887 1591 944 παρανό-

261 975 348 1010 μων
372 956 524 1013 ἆγεὸσιν
545 958 800 1011 hujusmodi
822 958 988 1010 judicia
1010 959 1224 1000 videntur
1243 955 1414 999 diversa
1438 957 1590 1013 fuisse,

264 1027 352 1068 nisi
372 1028 494 1070 hisce
518 1030 688 1070 duabus
719 1032 865 1083 rebus,
897 1031 1020 1087 quod
1038 1030 1164 1075 lator,
1197 1027 1329 1069 etiam
1354 1029 1450 1084 lege
1471 1030 1590 1070 dam-

263 1108 379 1145 nata,
412 1098 611 1155 impunis
635 1113 747 1150 erat,
778 1100 992 1157 quoniam
1025 1112 1115 1140 non
1139 1096 1234 1152 ipse
1254 1112 1353 1138 reus
1374 1100 1593 1154 agebatur,

262 1170 337 1208 sed
358 1169 426 1209 lex
447 1172 774 1219 tantummodo,
805 1187 937 1228 quam
960 1173 1144 1220 tulerat3
1176 1179 1220 1209 et
1241 1170 1374 1224 quod,
1395 1170 1476 1210 hac
1496 1168 1591 1226 ipsa

266 1240 319 1280 de
343 1255 486 1288 causa,
518 1242 694 1296 patroni
727 1258 805 1284 seu
826 1240 1011 1295 Syndici
1034 1241 1086 1280 ad
1113 1239 1436 1282 defendendam
1459 1239 1506 1282 in
1528 1246 1594 1294 ju·

267 1309 386 1352 dicio
419 1312 560 1366 legem
593 1326 614 1352 a
645 1314 814 1368 populo
852 1312 1134 1360 creabantu13
1168 1324 1437 1368 quamquam
1476 1309 1595 1353 inter

264 1383 342 1422 hos
375 1380 522 1436 ipsum
555 1396 733 1439 quoque
763 1385 948 1424 latorem
981 1382 1119 1424 creari
1150 1381 1336 1424 solitum
1369 1396 1482 1435 esse,
1512 1398 1595 1425 ve·-

265 1449 303 1491 1i
325 1449 608 1494 simillimum
631 1453 881 1508 videtur⁶⁸).
922 1455 1057 1510 Quod
1079 1463 1228 1494 autem
1251 1455 1593 1503 Demosthenes,

266 1523 373 1562 dum
405 1523 609 1579 Leptinis
641 1525 784 1579 legem
816 1535 1015 1577 accusat,
1057 1522 1193 1565 simul
1224 1523 1377 1572 aliam,
1421 1522 1470 1566 in
1501 1529 1594 1578 ejus

265 1593 417 1633 locum
449 1607 472 1633 a
502 1608 548 1636 se
578 1595 829 1645 ferendam,
868 1594 1090 1647 judicibus
1131 1594 1373 1650 proponit,
1416 1610 1508 1638 non
1540 1611 1594 1640 eo

265 1666 354 1706 hoc
394 1664 561 1708 facturn
603 1664 834 1714 existimo,
877 1669 996 1724 quod
1028 1665 1076 1707 in
1113 1665 1374 1708 istiusmodi
1412 1668 1596 1722 judiciis

270 1735 456 1791 perinde
488 1747 618 1792 atque
651 1737 769 1792 apud
802 1738 1099 1780 Nomothetas
1130 1736 1178 1778 id
1209 1737 1303 1778 fieri
1335 1740 1592 1794 oportuerit,

271 1807 345 1848 sed
377 1821 463 1863 quo
495 1805 668 1849 facilius
698 1807 867 1859 judices
899 1805 1236 1862 impellerentur
1268 1810 1322 1848 ad
1352 1809 1596 1852 tollendam

272 1877 392 1919 illam
431 1880 599 1934 legem,
643 1875 691 1918 in
730 1881 857 1930 cujus
902 1880 1052 1920 locum
1091 1877 1217 1919 brevi
1257 1890 1357 1934 post
1395 1889 1595 1936 tempore

271 1949 352 1990 alia
381 1950 523 1992 multo
552 1947 710 1990 melior
740 1959 785 1989 et
804 1950 1018 1992 salubrior
1039 1963 1297 1991 successura
1319 1961 1447 1993 esset.
1508 1952 1594 1994 Ne·

321 2103 378 2145 66)
406 2105 500 2139 Satis
535 2105 573 2139 id
605 2105 905 2141 demonstratum
937 2111 994 2138 est
1027 2117 1049 2140 a
1080 2105 1242 2149 Wolfio,
1279 2105 1320 2140 in
1342 2106 1518 2152 Prolegg.
1555 2117 1593 2150 p.

279 2165 472 2201 CXXXXI.
499 2173 578 2201 not.
608 2179 682 2212 144.

323 2234 382 2279 67)
418 2236 502 2269 Veri
533 2236 767 2270 simillimum
800 2234 902 2269 enim
935 2239 1016 2278 est,
1050 2235 1167 2269 latam
1201 2246 1287 2269 eam
1319 2245 1401 2268 esse
1424 2233 1595 2279 proximo

278 2300 367 2328 ante
391 2296 666 2331 accusationem
689 2307 801 2331 anno.
826 2295 899 2330 vid.
925 2295 1040 2329 Wolf.
1066 2296 1238 2341 Prolegg.
1264 2307 1301 2342 p.
1325 2295 1464 2330 LXIII.
1492 2305 1547 2340 sq.

325 2364 384 2404 68)
419 2363 589 2409 Quattuor
621 2367 827 2411 Leptineae
860 2365 954 2410 legis
989 2364 1138 2409 Syndici
1172 2376 1194 2398 a
1222 2363 1364 2410 populo
1389 2363 1505 2397 creati
1529 2373 1596 2396 no-

279 2424 470 2458 minantur
493 2436 514 2458 a
538 2427 816 2468 Demosthene,
850 2438 887 2471 p.
914 2435 977 2469 501
1000 2444 1046 2452 -
1068 2435 1147 2470 503.
1175 2425 1210 2469 §-
1239 2434 1302 2468 125
1325 2444 1372 2451 —
1399 2435 1473 2468 ¹3²·
1523 2422 1597 2458 Sed

279 2497 364 2519 cum
394 2486 480 2519 alias
514 2487 552 2519 in
576 2487 755 2520 similibus
789 2488 907 2522 causis
943 2488 1109 2532 quinque
1142 2485 1260 2519 creati
1294 2496 1376 2519 esse
1411 2485 1597 2528 dicautur,

277 2555 378 2578 nunc
402 2546 525 2590 ipsum
541 2547 741 2591 Leptinem
765 2547 940 2593 quintum
955 2547 1072 2580 fuisse
1088 2551 1197 2592 putat
1223 2545 1396 2589 Wolfius,
1421 2544 1594 2590 Prolegg.

277 2617 314 2649 p.
343 2608 549 2645 CXXXXV.
577 2608 637 2644 cui
666 2608 828 2644 libenter
851 2608 1046 2644 assentior.
