1706 3058
263 154 341 182 XIV

262 248 381 291 iuter
417 245 745 291 Aristocratiam
773 243 1190 304 Democratiamque
1221 259 1359 293 status
1399 250 1580 297 effectus

261 332 349 373 est,
381 336 515 376 quem
536 318 631 375 ipse
652 316 727 357 ille
747 317 896 359 laudat
913 316 982 359 his
1012 317 1212 360 versibus
1226 322 1275 371 *λ

262 407 391 466 Δήμῳ
415 409 489 462 μὲν
507 406 582 462 γὰρ
601 407 732 447 ἔδωκα
748 402 868 446 τόσον
887 402 1055 459 κράτος,
1090 405 1213 449 ὅσσον
1234 409 1409 465 ἐπαρκεῖ,

351 484 477 533 Τιμῆς
493 474 574 521 οὔτ’
595 473 781 529 ἀφελών,
814 472 894 518 οὔτ’
915 475 1217 531 ἐπορεξάμενος.

263 552 317 592 Οἳ
335 546 369 591 ‹l'
389 548 494 602 εἶχον
518 547 712 601 δύναμιν,
743 549 812 588 καὶ
830 545 1028 600 χρήμασιν
1045 543 1149 601 ἦσαν
1169 548 1324 606 ἆγητοὶ,

345 620 427 661 Καὶ
444 625 528 668 τοῖς
551 617 791 672 ἐφρασάμην
815 618 940 671 μηδὲν
970 615 1104 669 ἀεικὲς
1132 620 1247 675 ἔχειν.

245 692 403 744 ’Έστην
423 689 459 734 δ’
477 687 721 744 ἀμφιβαλών
750 687 947 743 κρατερόν
974 687 1101 738 σάκος
1128 687 1407 750 ἀμφοτέροισι·

339 767 480 818 Νικᾷν
502 759 537 803 δ’
556 756 635 803 οὐκ
654 756 751 801 εἰάσ’
771 756 1011 814 οὐδετέρους
1032 757 1193 811 ἀδίκως.

366 848 451 890 Sed
470 860 526 887 ne
552 843 628 885 hic
641 842 822 899 quidem
843 854 981 885 status
1002 846 1071 885 vel
1096 844 1399 900 optimatibus,
1424 865 1577 907 quam·

252 917 364 962 libet
382 914 614 975 potentiae
636 929 742 955 suae
766 912 1136 957 imminutionem
1165 931 1289 973 aegre
1319 919 1578 974 ferentibus,

253 993 324 1033 vel
347 987 552 1046 plebeiis,
585 999 725 1026 novae
744 984 959 1037 libertatis
982 985 1224 1028 insolentia
1256 992 1578 1036 exsultantibus

251 1073 295 1104 et
315 1065 535 1113 majorum
557 1055 900 1098 commodorum
933 1051 1134 1111 cupidiS,
1165 1071 1312 1114 gratus
1343 1064 1579 1117 probatus-

249 1149 335 1190 que
363 1131 464 1179 fuit‚
487 1135 621 1186 atque
638 1128 757 1168 haud
777 1126 930 1167 multis
949 1138 1048 1182 post
1069 1130 1277 1171 Solonem
1302 1133 1577 1178 Archontem

251 1203 393 1252 annis,
415 1197 724 1256 redintegratis
743 1196 1058 1246 seditionibus,
1082 1213 1185 1240 cum
1209 1198 1327 1241 inter
1346 1201 1459 1254 illos,
1495 1204 1575 1261 qui

250 1288 496 1334 paucorum
515 1269 758 1327 imperium
781 1270 1007 1320 volebant,
1029 1268 1220 1326 illosque
1251 1271 1326 1329 qui
1346 1277 1512 1325 justam
1533 1287 1578 1319 et

244 1356 539 1402 temperatam
559 1341 670 1395 juris
690 1338 1052 1397 aequabilitatem
1073 1343 1335 1398 tuebantur,
1363 1345 1576 1402 aliquam.

246 1418 327 1460 diu
359 1426 578 1459 certatum
613 1423 724 1454 esset
738 1442 750 1462 ,
792 1411 947 1453 tertiae
982 1411 1194 1466 factioni,
1235 1427 1257 1454 e
1295 1416 1575 1464 tenuioribus

246 1490 487 1535 conflatae,
522 1486 685 1526 ducem
705 1498 749 1524 se
771 1482 943 1523 addidit
962 1481 1243 1532 Pisistratus,
1265 1488 1575 1546 superatisque

246 1555 530 1608 adversariis,
563 1566 605 1597 et
625 1555 794 1611 populo
819 1553 977 1594 callide
999 1555 1183 1608 decepto
1198 1585 1210 1602 ,
1233 1571 1382 1598 rerum
1402 1559 1575 1614 potitus

246 1641 331 1682 est,
361 1627 719 1684 imperiumque,
750 1640 830 1680 per
849 1623 998 1665 varios
1022 1636 1209 1666 eventus
1230 1638 1274 1668 et
1293 1627 1505 1672 amissum
1529 1642 1575 1673 et

243 1710 557 1758 recuperatum
571 1731 582 1752 ‚
626 1695 731 1737 filiis
779 1708 956 1750 quoque
1006 1694 1330 1738 hereditarium
1375 1698 1573 1756 reliquit.

247 1773 311 1815 Ita
332 1774 498 1815 XXXVI
520 1767 699 1811 circiter
719 1780 939 1807 annorum
961 1775 1160 1821 tempore
1170 1766 1462 1811 Athenienses
1483 1769 1573 1828 ipsi

246 1844 442 1900 filiisque
464 1849 722 1898 paruerunt,
756 1836 834 1893 qui
854 1850 1121 1892 quamquam
1143 1838 1376 1894 plerasque
1394 1842 1574 1885 solonis

250 1919 371 1973 leges
393 1915 642 1960 servabant,
661 1923 806 1966 neque
830 1906 1102 1963 impotenter
1122 1906 1477 1954 dominationem
1501 1928 1572 1956 ex·

245 1988 477 2038 ercebant,
508 1988 786 2036 majestatem
808 1989 956 2020 tamen
977 1992 1157 2020 omnem
1185 1991 1228 2021 et
1247 1995 1448 2024 summae
1477 1983 1570 2025 rei-

244 2057 450 2116 publicae
472 2050 929 2115 administrationem,
947 2050 1115 2105 populo
1135 2063 1346 2107 ereptam,
1367 2053 1571 2098 sibisuis·

245 2146 330 2186 que
353 2128 652 2170 assumebant.
704 2125 855 2177 Itaque
883 2134 1028 2176 neque
1057 2121 1294 2164 conciones
1317 2123 1569 2169 ordinariae

243 2201 458 2243 videntur
478 2206 762 2241 convocatae,
783 2205 925 2247 neque
942 2192 997 2231 ad
1021 2205 1169 2232 causas
1189 2192 1389 2248 publicas
1413 2208 1568 2237 secun-

247 2274 354 2314 dum
377 2269 552 2314 Solonis
574 2266 836 2310 institutum
859 2261 1117 2316 judicandas
1141 2277 1293 2305 omnes
1312 2264 1568 2320 promiscue

246 2342 451 2390 admissi;
484 2351 750 2397 quamquam
783 2333 891 2392 quid
923 2334 975 2374 de
1006 2332 1075 2374 his
1102 2335 1232 2375 rebus
1262 2332 1566 2379 Pisistratidae

243 2412 503 2462 statuerint,
535 2410 697 2452 diserte
718 2422 741 2449 a
762 2403 944 2447 nemine
964 2403 1167 2453 traditur,
1188 2403 1276 2445 nisi
1308 2408 1428 2461 quod
1448 2408 1566 2462 apud

245 2485 458 2542 quosdam
509 2492 709 2523 auctores
753 2475 964 2534 legimus,
1004 2474 1305 2524 Pisistratum,
1348 2488 1564 2533 quantum

248 2555 345 2598 fieri
370 2564 543 2611 posset,
570 2551 691 2594 cives
722 2551 830 2591 urbe
862 2548 1016 2590 cedere
1047 2557 1091 2589 et
1121 2546 1214 2588 ruri
1243 2546 1440 2591 habitare
1460 2561 1563 2591 coe—

286 2681 319 2721 *)
346 2678 533 2715 Plutarch.
570 2677 645 2713 Sol.
668 2688 698 2712 o.
735 2681 787 2715 28.
813 2673 862 2710 cf.
882 2672 1033 2714 Aristot,
1061 2672 1171 2710 Polit.
1192 2673 1242 2707 11.
1268 2684 1323 2719 iq.
