1706 3058
286 71 369 113 550

367 178 451 221 Sed
483 174 539 217 iis
571 172 726 221 etiam,
759 171 836 228 qui
867 172 1041 228 probati
1072 173 1118 214 in
1155 174 1322 225 judicio
1362 175 1593 232 magistra-s

281 262 377 292 tum
412 245 596 302 ingressi
627 254 768 291 erant,
800 243 1078 285 itidentidem
1109 244 1157 284 in
1188 244 1384 286 comitiis
1422 246 1593 290 civium

282 334 463 364 censura
501 317 729 360 subeunda
758 325 860 358 erat.
931 319 979 356 ln
1021 315 1161 370 prima
1209 315 1330 358 enim
1378 321 1592 374 cujusque

282 389 512 446 Prytaniae
542 387 722 428 ecclesia
754 388 1029 428 Archontum
1061 398 1151 427 erat
1181 386 1409 436 officium,
1450 387 1593 430 inter..

279 475 430 517 rogare
460 459 698 515 populum,
737 456 929 512 numqui
961 471 1012 497 ex
1042 457 1382 514 magistratubus
1412 459 1459 500 in
1490 474 1595 500 mu-

280 532 462 573 neribus
494 530 584 572 suis
615 526 976 570 administrandis
1007 539 1095 569 tam
1126 528 1318 584 graviter
1357 526 1596 584 deliquisse

278 606 556 649 viderentur,
593 612 645 642 ut
686 599 944 642 removendi
986 614 1010 640 a
1050 599 1273 654 republica
1311 610 1466 640 essent.
1527 597 1593 640 lbi

279 675 446 721 cuivis.
480 674 610 716 etiam
642 670 837 722 privato,
878 673 1059 712 facultas
1090 672 1186 712 data
1217 682 1330 721 erat,
1370 672 1424 712 de
1453 668 1597 726 magi-

279 758 498 789 stratuum
528 742 703 795 injuriis
734 756 782 783 ac
814 740 988 782 delictis
1019 744 1214 797 querelas
1245 753 1321 783 aut
1352 740 1594 783 delationes

279 820 335 859 ad
364 817 581 873 populum
618 811 868 859 deferendi,
902 827 1011 867 quae
1040 813 1073 854 si
1105 817 1245 865 justae
1276 824 1319 854 et
1349 827 1499 871 graves
1519 826 1597 868 po-

278 890 384 945 pulo
413 887 532 927 visae
563 895 719 932 essent,
752 883 814 924 illi
847 883 1105 926 muneribus
1137 884 1256 926 abire
1287 883 1429 925 coacti
1460 882 1598 925 etiam

279 963 397 1004 ultro
427 958 475 999 in
507 955 726 1008 judicium
765 954 914 996 vocari
954 966 1169 1012 poterant.
1245 957 1330 998 Sed
1371 957 1478 995 haec
1507 959 1598 1007 jam

281 1042 405 1082 ante,
436 1027 583 1084 capite
613 1024 774 1081 quinto
807 1027 862 1066 ad
892 1025 1264 1068 necessitudinem
1294 1025 1360 1067 rei
1391 1024 1493 1066 satis
1526 1040 1598 1066 ex-

277 1102 439 1158 plicata
477 1096 660 1152 sunt³⁴).
740 1099 844 1137 Non
884 1096 1051 1138 mirum
1094 1110 1245 1139 autem
1287 1101 1372 1139 hoc
1411 1095 1606 1138 institu-.

279 1187 377 1217 tum
416 1168 558 1212 videri
600 1169 730 1208 debet
771 1166 820 1207 in
861 1167 938 1209 tali
979 1169 1224 1224 republica,
1267 1168 1314 1209 in
1345 1183 1456 1225 qua,
1493 1182 1599 1209 cum

279 1243 490 1288 omnibus
531 1238 780 1295 promiscue
820 1240 874 1278 ad
913 1252 1109 1280 summos
1159 1253 1359 1294 quosque
1406 1242 1597 1280 honores

281 1315 424 1359 aditus
459 1320 654 1367 pateret,
688 1308 783 1349 fieri
813 1323 903 1349 non
933 1319 1130 1364 poterat,
1175 1308 1284 1363 quin
1322 1309 1356 1348 ii
1387 1323 1514 1365 saepe
1543 1310 1599 1350 ad

278 1385 484 1431 homines
514 1381 734 1435 impuros,
767 1390 813 1420 et
837 1377 916 1434 qui
946 1389 1164 1434 potestate
1193 1394 1272 1420 sua
1301 1382 1417 1422 male
1447 1382 1596 1422 abute-

279 1469 454 1503 rentur,
495 1451 793 1510 pervenirent.

282 1560 556 1576 —..-....--

281 1620 530 1668 χειροτονητοὶ
552 1623 591 1650 et
615 1617 803 1661 κληρωτοί.
851 1615 985 1660 Neque
1010 1615 1110 1648 enim
1145 1615 1222 1649 ulla
1252 1615 1455 1661 probabilis
1487 1626 1598 1650 eausa

281 1680 489 1726 excogitari
521 1683 668 1723 potest,
703 1688 770 1710 cur
802 1676 844 1710 in
877 1676 1015 1709 sortitis
1047 1676 1336 1723 magistratubus
1360 1676 1400 1710 id
1423 1677 1596 1720 valuerit,

278 1744 319 1778 in
343 1742 477 1778 creatis
509 1750 586 1772 non
618 1739 723 1772 item.

328 1837 388 1880 84)
414 1831 595 1877 Exempla
618 1828 902 1873 magistratuum
926 1829 1142 1862 muneribus
1161 1841 1181 1863 a
1196 1829 1334 1874 populo
1351 1829 1596 1874 privatorum,

287 1891 735 1946 (ἀποχειροτονηθέντων)
771 1893 915 1921 exstant
946 1900 1004 1932 ap.
1037 1890 1233 1924 Demosth.
1275 1890 1316 1922 in
1348 1889 1512 1922 Timoth.
1557 1901 1596 1934 p.

284 1966 391 2006 1137,
426 1956 467 1989 in
491 1949 689 1986 Theocrin.
715 1960 752 1994 p.
780 1960 874 1994 1330·
898 1949 1078 1983 Dinarch.
1115 1951 1153 1983 in
1177 1950 1333 1984 Plu'locl.
1367 1961 1403 1994 p.
1430 1961 1504 1984 110.
1532 1949 1597 1984 lin.

285 2035 340 2057 ῃ,
367 2021 489 2062 Atque
511 2013 585 2046 huc
609 2011 776 2057 pertinet
799 2012 911 2045 etiam
935 2011 1131 2045 Demosth.
1150 2011 1190 2045 in
1214 2011 1429 2044 Aristocrat.
1450 2022 1487 2055 p.
1515 2010 1612 2056 669³

283 2083 350 2118 ubi
373 2079 464 2113 dicit
487 2072 714 2120 ἅστρᾶτηγον
737 2072 877 2112 ποιεῖν,
901 2082 970 2116 pro
996 2068 1313 2116 οἷποχειροτονεῖν,
1347 2077 1385 2105 et
1407 2071 1596 2106 Plutarch.

283 2141 418 2179 Pericl.
456 2149 537 2182 cap.
571 2144 627 2179 35.
663 2143 887 2179 quamquam
929 2131 1052 2165 aliena
1092 2132 1143 2164 ihi
1187 2138 1243 2165 est
1276 2129 1410 2178 ψήφων
1441 2130 1596 2165 mentio.

286 2205 384 2239 Nam
409 2210 484 2233 non
509 2194 660 2230 calculis
687 2192 752 2227 sed
775 2195 979 2237 χειροτονίᾳ
1013 2193 1195 2238 populum
1227 2193 1273 2226 de
1307 2191 1597 2236 magistratubus

286 2258 520 2298 removendis
546 2254 770 2289 sententiam
791 2252 942 2295 tulisse,
975 2253 1034 2287 vel
1057 2253 1136 2298 ipsa
1158 2253 1339 2290 vocabula
1369 2250 1599 2299 ἐπιχειροτο-

290 2326 366 2367 νία,
391 2318 686 2364 οἷποχειροτονεῖν
715 2316 803 2351 satis
826 2313 1105 2362 demonstrant.
