1706 3058
284 157 365 217 178

283 275 362 311 out
393 265 650 322 peculatum
682 261 1020 313 commiserant,
1062 266 1288 306 bonorum
1324 264 1613 322 publicorum
1656 263 1661 269 ’
1701 266 1706 322 ζ

281 337 608 398 possessionem
641 333 737 375 sine
758 338 877 387 justo
910 335 1041 377 titulo
1071 347 1356 391 usurparant,
1389 337 1614 379 calumni-

281 411 397 453 ando
446 403 742 461 reipublicae,
805 416 880 446 aut
929 405 1221 464 vectigalium
1271 408 1611 459 redemtoribus,

281 492 361 522 aut
393 475 715 520 mercatoribus
747 478 959 519 damnum
992 478 1259 525 intulerant,
1304 477 1499 534 denique
1538 491 1614 521 tu-

280 562 443 594 torum,
478 547 555 604 qui
587 545 636 588 iu
668 547 1030 590 administrandis
1051 549 1325 604 pupillorum
1358 549 1491 591 bonis
1521 564 1613 603 per-

281 620 442 662 fidiose
472 630 547 660 aut
579 618 860 675 negligenter
899 634 945 660 se
985 622 1276 676 gerebant¹⁹).
1349 622 1532 662 Delator
1562 620 1613 662 in

277 697 348 747 jus
378 694 565 733 vocabat
596 706 721 732 reum
753 706 833 747 per
861 691 1111 746 πρόσκλησιν
1125 696 1201 741 ²⁰),
1235 702 1279 732 et
1310 690 1350 733 ei
1382 693 1616 749 magistra-

278 763 361 810 tui,
396 764 449 803 ad
483 777 619 818 quem
651 777 699 803 ea
731 777 860 803 causa
883 761 1214 817 pertinebatfl),
1246 762 1448 804 libellum
1480 778 1613 805 suum

277 849 382 876 cum
415 847 595 884 eorum,
626 847 736 889 quos
769 831 817 872 in
849 837 916 884 jus
947 833 1197 874 vocationis
1230 844 1361 875 testes
1393 833 1614 875 adhibue-

275 917 366 952 rat,
411 902 673 945 nominibus
715 914 758 945 et
797 902 948 944 damni
989 918 1011 944 a
1054 920 1129 946 reo
1168 904 1275 946 facti
1307 903 1615 946 aestimatione

277 975 591 1030 exhibebat12).
650 976 761 1017 Inde
793 989 922 1018 causa
954 974 1001 1015 in
1033 975 1201 1027 judicio
1247 978 1617 1033 cognoscebatur.

274 1052 368 1091 Reo
400 1048 724 1095 condemnato,
766 1046 1018 1088 aestimatio
1062 1046 1117 1088 iis
1149 1049 1352 1094 cedebat,
1396 1046 1476 1102 qui
1506 1045 1614 1088 laesi

275 1132 414 1170 erant,
447 1119 510 1159 ita
535 1130 698 1170 tamen,
729 1129 794 1166 ut,
829 1116 865 1157 si
897 1118 1112 1159 damnum
1137 1116 1408 1169 reipublicae
1437 1119 1611 1159 factum

274 1204 391 1241 erat,
425 1189 667 1232 dimidium
699 1187 1026 1230 aestimationis
1060 1190 1227 1230 delator
1257 1188 1456 1244 praemio
1489 1187 1614 1231 acei-

271 1267 468 1322 peret2‘).
538 1263 755 1303 Absoluto
797 1271 946 1301 autem
985 1275 1087 1310 reo,
1130 1271 1249 1301 sexta
1287 1259 1612 1310 aestimationis
1672 1289 1700 1314 .·

271 1346 417 1393 parte,
453 1347 585 1388 quam
618 1335 842 1387 ἐπωβελίαν
872 1335 1115 1380 vocabant,
1162 1333 1330 1373 delator
1360 1334 1614 1373 mulctaba-

271 1417 346 1447 tur
359 1407 437 1459 ²⁴),
471 1401 561 1443 nisi
585 1401 790 1458 quintam
823 1403 1142 1460 suffragiorum
1173 1414 1344 1459 partem
1378 1405 1552 1446 tulerat.

319 1510 376 1556 19)
403 1507 487 1541 Vid.
513 1504 649 1540 Pollux
679 1505 784 1540 VIII.
811 1517 867 1552 4?-
890 1507 1056 1551 Etymol.
1084 1518 1111 1542 s.
1139 1520 1172 1541 v.
1199 1505 1316 1553 φάσις.
1343 1507 1469 1542 Lexic.
1495 1506 1612 1541 Rhet.

269 1572 311 1606 in
335 1567 499 1604 Bekkeri
532 1565 672 1599 Anecd.
711 1567 741 1599 I.
784 1578 864 1612 3¹3·
892 1573 931 1601 et
961 1578 1042 1612 515.
1071 1568 1119 1602 cf.
1159 1567 1302 1602 Bfickh.
1329 1570 1358 1603 I.
1384 1581 1420 1614 p.
1447 1569 1526 1615 376.
1553 1579 1610 1613 sq.

271 1644 318 1656 ε·-
340 1626 449 1672 Apud
473 1626 670 1660 Pollucem
694 1627 746 1660 ita
771 1627 1121 1673 interpungendum
1143 1635 1234 1673 puto
1250 1641 1260 1661 :
1295 1625 1408 1664 Φοίσις
1435 1626 1473 1664 δὲ
1497 1623 1540 1673 ἦν
1564 1625 1612 1663 ‘to'

269 1690 415 1736 φαίνειν
432 1684 515 1722 τούς
532 1692 615 1733 περὶ
638 1686 687 1723 ἰα’
697 1688 864 1732 μέταλλα
882 1685 1112 1730 damnatae,
1137 1688 1164 1732 ἤ
1179 1693 1265 1732 περὶ
1277 1686 1320 1723 τό
1334 1687 1515 1735 ἐμπόριον
1525 1701 1614 1736 aasz·

269 1746 489 1795 ovpyoz‘wtac
512 1745 538 1791 ἤ
569 1751 655 1794 περὶ
680 1746 728 1783 ταὶ
753 1748 852 1792 τέλη,
876 1747 901 1792 ἥ
925 1747 1000 1783 τῶν
1025 1747 1210 1794 δημοσίων
1235 1754 1272 1784 τὶ
1297 1751 1610 1794 νενοσφισμένους,

268 1809 294 1854 ἦ
319 1806 647 1851 συκοφαντοῦντας.
697 1810 821 1854 Atque
847 1808 927 1844 τοὶς
951 1821 1077 1854 συκοῳ.
1113 1821 1191 1843 non
1224 1821 1353 1843 omnes
1386 1808 1426 1842 in
1458 1808 1611 1842 tuiiver-

268 1880 353 1903 sum
378 1867 634 1912 Sycophantas
659 1880 743 1902 esse
767 1875 882 1913 putu,
910 1868 975 1902 sed
999 1868 1083 1906 τούς
1106 1874 1191 1916 περὶ
1216 1869 1266 1904 τοὶ
1285 1867 1452 1914 μέταλλα
1476 1866 1501 1913 ἤ
1521 1872 1609 1913 περὶ
1663 1877 1665 1879 “
1692 1874 1706 1926 ἶ

267 1928 313 1966 ‘to'
334 1926 516 1973 ἐμπόριον
535 1927 560 1974 ἢ
577 1935 661 1973 περὶ
674 1928 722 1965 τοὶ
731 1928 816 1973 τέλη
826 1927 1153 1974 ovnozpavtof'rmc.
1190 1930 1301 1975 Quod
1320 1935 1447 1963 antem
1458 1928 1609 1963 additur

268 2001 292 2023 a
304 1989 483 2023 Polluce:
510 1989 639 2026 κοινοῖς
652 1988 689 2025 δὲ
707 1986 830 2034 φάσεις
841 1988 1038 2025 ἐκαλοῦντο
1048 1988 1165 2026 πεῖσαι
1185 1989 1228 2025 αἱ
1244 1984 1409 2035 μηνῦσεις
1432 1987 1508 2024 τῶν
1525 1986 1609 2024 ἰαν-

265 2048 461 2088 &avom-one
480 2047 717 2096 α’δικημάτων
729 2061 736 2069 ·
760 2049 807 2083 de
826 2061 870 2084 eo
888 2049 962 2083 vid.
975 2050 1129 2085 Sluiter.
1145 2052 1266 2085 Lectt.
1280 2048 1462 2083 Andocid.
1473 2060 1511 2095 p.
1527 2053 1605 2094 185.

315 2120 376 2162 20)
403 2119 602 2153 Demosth.
628 2119 670 2154 in
701 2119 902 2154 Theocrin.
940 2132 975 2164 p.
1006 2131 1104 2165 1524·

313 2189 372 2230 οι)
401 2189 488 2222 Non
509 2188 611 2222 enim
631 2199 762 2222 omnes
780 2189 846 2223 has
870 2186 992 2234 φάσεις
1017 2190 1062 2224 ad
1082 2191 1323 2236 Eponymnm
1343 2188 1482 2222 delatas
1507 2196 1605 2229 esso,

268 2247 369 2294 quod
396 2249 592 2282 ePollucis
616 2248 764 2283 verbis:
791 2248 989 2296 ἐφαίνοντο
1016 2249 1054 2286 δὲ
1077 2250 1170 2297 vods
1182 2249 1248 2287 τόν
1269 2248 1486 2293 ''Anava‘'
1513 2257 1605 2281 con-

268 2309 360 2352 jecit
384 2309 587 2352 Matthiae,
615 2310 662 2344 de
689 2310 769 2344 Iud.
797 2309 881 2343 Ath.
914 2311 953 2343 P.
987 2323 1019 2345 2.
1053 2323 1089 2356 p.
1117 2322 1220 2356 243.;
1241 2313 1346 2355 patet
1365 2319 1386 2341 e
1403 2306 1603 2342 Demosth-

267 2369 294 2403 l.
321 2370 346 2402 1.
399 2370 455 2403 Ibi
478 2370 578 2404 enim
611 2369 718 2417 φάσις
743 2370 866 2404 delata
891 2371 1030 2405 dicitur
1054 2372 1099 2406 ad
1122 2377 1252 2417 portus
1277 2375 1493 2412 curatores,
1517 2366 1611 2406 τοῦθ’
1648 2395 1650 2398 >

269 2429 340 2465 τοῦ
363 2430 545 2475 ἐμπορίου
570 2428 802 2476 ἐπιμελητάς.
850 2431 907 2465 Ad
930 2433 1172 2478 Eponymum
1198 2431 1280 2467 sine
1307 2429 1423 2464 dubio
1453 2434 1603 2465 tutore!

267 2496 421 2526 tantum
455 2491 739 2528 deferebantur.

307 2561 368 2602 22)
412 2559 493 2594 Vid.
539 2561 610 2595 Iul.
651 2562 784 2597 Pollux
813 2562 841 2596 l.
880 2562 906 2596 1.
935 2574 962 2597 s.
988 2575 1045 2610 47.

308 2628 367 2672 23)
396 2629 592 2663 Demosth.
631 2629 672 2663 in
698 2630 900 2667 Theocrin.
936 2643 974 2677 p.
1011 2642 1111 2677 ¹325·

308 2696 365 2740 24)
399 2697 532 2731 Pollux
567 2710 597 2734 s.
638 2704 695 2745 48.

1683 2339 1706 2374 ἐι
