1706 3058
266 98 346 149 553

265 217 392 256 rent,
422 218 577 248 omnes
610 217 757 248 tamen
788 208 915 247 nullo
945 204 1083 248 fuisse
1113 218 1301 247 numero
1332 216 1376 247 et
1404 209 1595 257 honore.

265 278 344 318 sed
374 279 653 320 sacerdotum
696 275 952 320 auctoritati
990 277 1041 319 in
1079 275 1290 319 omnibus
1322 278 1453 320 rebus
1484 279 1596 319 sub-

264 351 404 400 jectos
445 360 575 404 atque
617 348 849 391 obnoxios.

352 417 471 459 Huic
503 434 651 461 rerum
682 419 815 462 statui
846 419 894 462 in
934 417 1080 461 Attica
1111 419 1452 463 intervenerunt
1485 421 1598 462 Hel-

267 489 413 539 ]enes‚
453 490 664 532 bellicosa
706 505 832 548 gens.
874 490 1014 547 patria
1055 493 1177 532 exsul
1208 505 1439 548 novasque
1469 492 1594 532 sedes

268 573 494 614 quaerens.
555 562 616 602 Hi
643 577 745 604 cum
776 561 1062 604 utilissimam
1112 561 1205 618 regi
1252 562 1401 605 Attico
1441 573 1599 604 contra

268 631 552 673 Euboeenses
593 648 768 689 operam
812 632 1142 689 praebuissent,
1177 635 1272 674 loca
1307 635 1360 674 ad
1391 630 1601 675 habitan-

271 700 378 741 dum
412 700 468 742 iis
500 717 707 745 concessa
740 715 870 752 sunt,
901 703 949 744 in
980 702 1144 759 quibus
1169 703 1470 746 condiderunt
1501 719 1600 761 qua-

270 780 371 812 tuor
403 773 588 829 oppida,
624 777 836 826 Oenoe'n,
882 777 1216 826 Marathonem,
1245 774 1603 827 Probalinthum,

272 842 662 902 Tricorythum³¹).
724 848 858 895 Inde,
897 857 949 887 ut
978 844 1211 901 paullatim
1244 860 1349 887 cum
1376 845 1603 887 veteribus

272 911 436 956 incolis
468 915 643 957 misceri
675 928 718 958 et
748 918 957 958 inunum
978 918 1199 972 populum
1231 919 1476 958 coalescere
1506 929 1602 958 coe·

271 997 454 1036 perum,
488 987 579 1030 fieri
610 1003 701 1030 non
731 988 908 1045 potuit,
943 987 1052 1044 quin
1081 986 1298 1044 pristinus
1329 986 1605 1043 reipublicae

274 1067 414 1098 status
457 1056 611 1101 multis
651 1060 799 1102 modis
840 1059 1168 1101 immutaretur.
1242 1061 1364 1102 Inter
1393 1059 1603 1100 Hellenes

274 1142 454 1185 quoque
485 1143 575 1171 non
606 1131 738 1187 pauci
780 1132 962 1173 fuerunt
1000 1130 1226 1187 principes
1256 1128 1366 1178 viri,
1405 1142 1606 1170 summa-

274 1212 360 1254 que
401 1202 520 1256 apud
559 1216 663 1244 suos
705 1201 945 1259 dignitate,
985 1201 1062 1258 qui
1099 1200 1283 1257 indigne
1315 1201 1528 1253 ferentes,
1566 1199 1605 1242 si

274 1270 494 1313 deteriore
534 1272 799 1314 conditione
839 1271 888 1313 in
933 1287 1049 1313 nova
1093 1271 1230 1323 patria
1271 1270 1521 1313 vivendum
1561 1281 1606 1313 et

274 1343 328 1381 ab
362 1343 529 1384 excelso
562 1344 791 1399 quondam
820 1344 920 1384 loco
952 1343 1004 1382 ad
1033 1342 1253 1383 humilem
1283 1342 1458 1397 plebem
1487 1341 1608 1383 reci-

277 1413 473 1454 dendum
506 1424 640 1463 esset,
673 1412 870 1469 aliquam
891 1411 1071 1469 imperii
1094 1421 1279 1468 partem,
1312 1413 1432 1468 quod
1462 1413 1608 1454 adhuc

275 1496 409 1524 omne
437 1499 572 1540 penes
603 1486 885 1527 sacerdotum
917 1483 1122 1527 ordinem
1154 1484 1321 1532 fuerat,
1354 1485 1407 1524 ad
1436 1497 1482 1524 se
1514 1494 1609 1525 tra-

274 1557 381 1597 here
400 1558 687 1602 conabantur.
749 1558 1007 1599 Sacerdotes
1028 1566 1191 1604 autem,
1224 1565 1301 1596 aut
1321 1567 1482 1610 negare
1512 1568 1606 1596 non

275 1626 395 1675 ausi,
430 1631 551 1684 quod
582 1642 660 1683 per
688 1626 786 1669 vim
817 1626 1000 1669 retineri
1035 1640 1166 1682 posse
1196 1626 1499 1681 desperarent,
1530 1637 1608 1668 aut

274 1695 538 1739 necessitate
575 1699 741 1753 coacti,
793 1709 1060 1756 potestatem
1099 1711 1223 1738 suam
1269 1695 1331 1738 ita
1371 1711 1477 1738 cum
1517 1695 1608 1738 illi·

275 1766 429 1822 partiti
461 1781 588 1824 sunt,
628 1783 680 1813 ut
709 1775 898 1827 regnum
942 1769 1128 1825 quidem
1160 1778 1203 1810 et
1232 1767 1480 1809 sacerdotia
1519 1766 1609 1809 sibi

277 1837 463 1895 suisque
507 1842 684 1898 propria
737 1842 1122 1896 relinquerentur,
1180 1840 1401 1880 bellorum
1458 1849 1609 1880 autem

278 1907 466 1965 imperia
498 1923 540 1952 et
573 1914 719 1957 omnis
742 1929 809 1958 res
830 1909 1036 1954 militaris
1059 1912 1111 1951 ad
1137 1909 1235 1952 illos
1258 1907 1607 1966 pertinerenffl),

324 2075 381 2118 51)
408 2075 530 2110 strab.
557 2076 662 2109 VIII.
689 2087 725 2121 p.
753 2081 830 2122 383.

323 2145 382 2187 32)
418 2146 513 2179 Cum
544 2152 699 2190 propter
741 2144 920 2179 auxilium
958 2145 998 2178 in
1040 2143 1143 2179 hello
1189 2146 1322 2177 contra.
1363 2141 1607 2175 Euboeenses

278 2205 493 2240 Erechtheo
519 2206 652 2249 latum,
679 2206 826 2240 Xuthus
851 2217 936 2239 cum
962 2204 1160 2238 comitibus
1184 2203 1222 2236 in
1244 2202 1405 2236 Atticam
1432 2207 1608 2246 receptus

279 2265 348 2306 sit,
383 2267 538 2311 ejusque
569 2267 671 2301 filius
706 2269 776 2300 Ion
807 2266 898 2301 item
931 2265 1023 2300 belli
1050 2271 1181 2299 contra
1204 2260 1608 2298 Thraces'Eleusinios

281 2324 353 2359 dux
380 2327 494 2361 fuisse
519 2327 687 2370 dicatur,
716 2328 852 2370 (Strab.
878 2327 903 2360 l.
930 2327 953 2359 l.
981 2325 1119 2361 Herod.
1147 2325 1252 2358 VIII.
1278 2323 1352 2367 44.)
1386 2322 1482 2356 nihil
1512 2322 1609 2357 veri—

279 2385 442 2420 similius
468 2394 544 2429 est‚
572 2400 683 2433 quam
708 2389 888 2423 Hellenes
917 2383 1109 2430 “Orth-ms
1131 2386 1250 2420 factos
1276 2395 1370 2418 esse.
1429 2383 1610 2418 Sacerdo-

280 2447 397 2481 talem
421 2454 546 2482 autem
578 2448 799 2492 dignitatem
834 2447 958 2482 statim
994 2457 1078 2480 eum
1103 2446 1147 2479 iis
1172 2445 1487 2479 communicatam
1512 2454 1608 2487 esse,

280 2518 395 2541 nemo
421 2509 576 2553 putabit.
636 2512 758 2556 Atque
791 2508 820 2542 si
846 2509 1044 2542 Platonem
1079 2518 1231 2553 quoque
1264 2512 1404 2540 testem
1427 2505 1609 2539 adhibere

281 2568 393 2611 licet,
430 2569 737 2616 quandoquidem
770 2582 857 2605 eum
891 2569 1086 2610 nonnulli,
1122 2575 1160 2602 et
1193 2573 1321 2609 recte,
1347 2577 1430 2601 meo
1454 2565 1606 2609 judicio,

280 2639 358 2662 non
383 2630 526 2674 omnia,
556 2641 651 2677 quae
677 2630 723 2666 de
748 2631 901 2677 antiqua
926 2629 1159 2665 Athenarum
1187 2627 1345 2662 historia
1368 2632 1510 2672 narrat,
1537 2637 1608 2673 pro
