1706 3058
271 76 351 119 5υῦ

273 193 325 224 ut
354 194 510 223 verum
542 177 612 225 sit,
645 174 852 231 equidem
883 188 1152 231 magnopere
1181 178 1416 232 vereor2‘2),
1448 177 1504 217 de
1521 175 1591 221 hi·

273 268 445 309 semper
486 247 790 291 renuntiatum
832 260 925 289 esse
963 249 1015 287 ad
1048 248 1285 304 populum,
1325 248 1394 288 vel
1427 246 1593 302 potius,

273 341 379 370 cum
411 318 592 365 comitia
623 333 716 361 non
745 317 947 374 quotidie
988 319 1280 366 haberentur,
1322 318 1377 358 ad
1406 331 1596 374 congre-

273 411 414 455 ganam
454 406 531 449 pro
571 391 692 432 curia
721 388 1077 432 multitudinem.
1139 390 1485 438 Casaubonus³⁰)
1515 403 1595 431 au..

275 480 365 509 tem
398 465 443 505 id
476 463 521 504 in
552 473 705 519 quarta
737 472 912 502 tantum
942 465 1157 516 cujusque
1188 457 1419 512 Prytaniae
1448 460 1596 501 eccle-

275 539 338 580 sia
379 538 544 578 factum
587 549 679 576 esse
719 531 883 579 credit,
928 532 1047 587 quod
1077 531 1125 572 in
1156 533 1239 572 hac
1268 529 1409 571 Julius
1439 531 1598 572 Pollux

276 611 330 650 de
361 610 489 649 rebus
520 604 653 661 sacris
692 615 736 645 et
774 605 828 644 ad
870 617 987 644 sacra
1019 600 1341 658 pertinentibus
1383 615 1484 642 cum
1516 614 1599 656 po-

274 681 381 737 pulo
413 677 483 735 agi
514 676 698 719 solitum
730 690 821 716 esse
853 674 985 715 dicat.
1046 675 1156 714 Sane
1188 671 1298 712 illud
1320 672 1500 726 quidem
1526 685 1597 713 ve·

274 749 458 793 risimile
489 763 580 790 non
611 758 690 796 est,
719 746 851 787 semel
875 743 1136 800 quotannis,
1169 753 1367 784 extremo
1399 740 1477 782 illo
1509 740 1596 790 die,

278 825 332 864 de
363 820 494 863 sacris
526 817 831 860 renuntiatum
852 829 959 861 esse,
991 830 1092 856 cum
1117 813 1375 870 praesertim
1405 828 1427 854 a
1451 817 1600 854 Theo-

276 896 454 951 phrasto
503 890 550 931 in
608 886 911 944 descriptione
959 885 1158 927 hominis
1214 883 1365 940 inepte
1415 882 1599 940 gloriosi

277 963 656 1020 (μικροφιλοτίμου)
706 962 792 1001 hoc
832 972 1007 1014 quoque
1053 967 1271 1012 ponatur,
1323 957 1463 997 soiere
1499 969 1603 997 eum

275 1048 528 1090 comparare
559 1047 664 1074 cum
694 1030 960 1083 Prytanibus
994 1039 1034 1069 et
1075 1029 1127 1068 ab
1159 1026 1216 1068 iis
1256 1026 1512 1083 impetrare,
1550 1036 1604 1068 ut

277 1106 363 1152 sibi
391 1105 627 1147 mandetur
655 1101 874 1154 ejusmodi
905 1114 1132 1141 sacrorum
1162 1096 1461 1146 renuntiatio,
1494 1096 1606 1148 ὅπως

277 1177 494 1233 ἀπαγγείλῃ
537 1180 595 1232 τῷ
632 1173 747 1231 δήμῳ
786 1175 835 1214 τὰ
871 1171 970 1226 ἱερά.
1042 1170 1217 1226 Quodsi
1261 1171 1395 1210 semel
1428 1180 1606 1211 tantum

278 1245 517 1305 quotannis
547 1245 597 1286 id
628 1244 721 1285 fieri
752 1253 946 1298 poterat,
979 1252 1056 1282 aut
1086 1255 1176 1282 non
1207 1255 1311 1282 usus
1343 1251 1480 1289 esset,
1511 1256 1604 1297 pu-

277 1331 348 1368 to,
392 1319 721 1372 Theophrastus
758 1313 836 1353 ino
877 1313 1104 1367 exemplo,
1147 1322 1223 1352 aut
1266 1310 1394 1352 aliter
1423 1313 1604 1354 locutus

279 1399 406 1433 esset.
462 1389 644 1432 Certum
675 1396 824 1426 autem
857 1395 943 1431 est,
977 1382 1149 1437 saepius
1183 1397 1204 1422 a
1235 1381 1503 1435 Prytanibus
1533 1396 1608 1423 sa-

278 1477 351 1505 cra
400 1462 515 1502 facta
554 1472 647 1499 esee
696 1470 775 1512 pro
826 1456 966 1496 salute
1016 1464 1059 1495 et
1111 1453 1314 1494 libertate
1364 1452 1607 1509 populi³¹);

282 1546 557 1591 quamquam
589 1526 764 1585 quoties
798 1541 847 1568 ea
878 1526 991 1567 facta
1023 1523 1139 1573 sint,
1172 1540 1226 1565 an
1260 1526 1393 1565 semel
1429 1539 1608 1581 quaque

281 1603 518 1657 prytanin,
550 1616 607 1642 an
637 1597 805 1646 rarius,
850 1612 905 1638 an
939 1595 1072 1637 etiam
1104 1594 1302 1651 saepius,
1332 1595 1500 1636 nescire
1534 1610 1608 1637 me

280 1677 435 1718 fateor.
495 1676 561 1715 De
591 1671 658 1712 his
690 1670 827 1727 igitur
856 1667 1161 1710 renuntiatum
1207 1681 1229 1706 a
1258 1668 1519 1718 Ptytanibus
1552 1669 1607 1710 ad

279 1747 498 1804 populum
532 1758 623 1785 esse
652 1753 786 1798 puto,
819 1740 1054 1780 litatumne
1085 1748 1217 1785 esset,
1250 1752 1333 1778 nec
1362 1753 1441 1788 ne;
1475 1750 1608 1793 atque

281 1820 372 1859 huc
402 1826 446 1857 et
475 1811 771 1870 Theophrasti
801 1812 953 1851 locum
977 1820 1019 1850 et
1037 1806 1355 1851 Demosthenis
1375 1808 1488 1850 illud
1508 1823 1607 1866 pro-

284 1888 481 1930 oemium
513 1884 734 1942 pertinere
765 1881 969 1923 arbitror.
1411 1872 1419 1879 ’

332 2000 388 2043 29)
414 1995 591 2030 Precibus
618 1994 838 2034 Senatores,
874 2003 959 2025 cum
992 1991 1133 2025 ctu-iam
1167 1987 1480 2034 ingrederentur,
1521 1988 1610 2023 ado-

285 2069 386 2092 rasse
411 2058 539 2090 Iovem
562 2053 747 2091 Βουλαῒον
770 2064 814 2087 ac
839 2054 1051 2087 Minervam
1070 2050 1257 2088 Βουλαίαν
1288 2055 1435 2084 certum
1459 2054 1538 2090 est,
1565 2059 1612 2084 ex

286 2118 504 2162 Antiphont.
533 2115 578 2149 de
603 2114 723 2148 saltat.
749 2125 782 2159 p.
824 2114 900 2158 146,
934 2123 989 2158 35.
1040 2112 1167 2157 Steph.
1208 2111 1282 2146 Sed
1314 2120 1446 2155 preces
1479 2105 1610 2155 (εὐχαί)

286 2190 365 2212 non
390 2183 475 2211 sunt
508 2187 612 2210 sacra
647 2173 757 2219 (ιέροὶ)
792 2185 916 2220 neque
950 2174 997 2208 de
1026 2172 1200 2218 precihus
1231 2169 1440 2205 renuntiari
1471 2174 1610 2214 potest,

287 2239 487 2272 litatunme
509 2237 567 2270 sit.
620 2235 730 2282 Quod
757 2235 804 2268 de
825 2231 1034 2278 εἷσιτηρίοις
1058 2233 1223 2279 quotidie
1248 2243 1269 2265 a
1294 2232 1434 2265 Senatu
1449 2227 1612 2274 peractis

287 2300 470 2344 'Ulpianus
497 2299 539 2332 ad
562 2299 671 2332 Dem.
701 2297 741 2330 in
776 2295 870 2330 Mid.
900 2307 936 2339 p.
967 2305 1059 2340 551w
1093 2306 1169 2340 209.
1203 2299 1240 2327 et
1265 2291 1328 2325 alii
1355 2288 1529 2323 nonnulli
1557 2287 1610 2321 di-

289 2366 400 2402 cunt,
428 2360 563 2393 falsum
583 2366 649 2393 est.
697 2359 838 2392 Verum
860 2355 973 2389 habet
991 2353 1120 2390 Suidas
1139 2354 1179 2387 in
1206 2349 1398 2396 εἷσιτῆρια.
1449 2348 1507 2384 Cf.
1535 2348 1609 2382 He·

289 2420 390 2466 sych.
421 2420 458 2453 in
488 2417 650 2465 ἓξιτήρια,
673 2425 710 2453 et
731 2419 866 2462 inttpp.

300 2482 307 2489 ⁸
334 2490 394 2533 3⁰)
425 2488 479 2521 Ad
506 2487 752 2532 Theophrast.
791 2484 961 2520 Charact.
993 2495 1072 2529 cap.
1110 2494 1165 2518 21.

334 2557 393 2600 3¹)
424 2555 620 2599 Antiphon.
650 2555 697 2590 de
714 2555 835 2590 saltat.
857 2565 891 2598 p.
921 2554 992 2598 146.
1021 2557 1074 2597 38.
1125 2552 1209 2586 Huc
1226 2548 1391 2596 pertinet
1411 2545 1603 2583 Demosth-

287 2616 334 2651 de
359 2617 439 2651 fals.
455 2617 568 2661 legat.

1680 7 1698 33 ’ν

1687 38 1700 138 24

1686 159 1706 309 *Ξ

1703 28 1706 42 ί

1699 71 1706 84 Ι

1704 340 1706 347 ι
