1706 3058
1365 63 1441 108 511

116 180 249 230 tae⁶).
333 179 489 231 Neque
543 173 755 216 omnibus
802 171 1058 233 promiscue
1085 169 1446 227 'magistratuum

115 248 322 306 capiendi
355 253 422 300 jus
456 249 509 288 ab
544 261 598 289 eo
630 248 784 287 datum
818 257 932 293 erat,
966 246 1042 287 sed
1074 243 1213 285 trium
1247 252 1447 284 tantum-

111 324 243 364 modo
275 319 520 376 primarum
545 317 752 358 classium
792 316 993 365 civibus;
1036 318 1202 357 Thetes
1233 328 1268 359 8.
1302 311 1448 364 capite

111 394 233 435 censi
266 390 513 433 honoribus
544 388 737 436 exclusi,
781 386 1044 443 suffragium
1075 398 1245 428 tantum
1287 384 1335 426 in
1369 398 1447 426 co-

110 463 255 506 mitiis
287 464 399 504 ferre
432 472 474 501 et
503 460 695 512 judicare
724 459 772 500 in
805 456 1059 501 Heliasticis
1093 457 1336 499 dicasteriis
1367 470 1445 512 po-

109 546 270 577 terant.
328 535 431 574 Post
465 533 677 574 Solonem
709 531 822 571 illud
862 528 1064 587 primum
1104 541 1351 577 novatum,
1392 538 1444 569 ut

108 603 321 648 nonnulli
350 603 653 660 magistratus,
685 603 813 644 velut
843 615 1007 642 novem
1039 603 1294 649 Archontes,
1328 611 1445 641 sorte

109 687 383 723 crearentur,
434 675 589 716 relicto
630 685 779 715 tamen
823 673 899 714 illo
946 687 1104 714 census
1145 684 1187 714 et
1235 672 1442 713 classium

107 746 396 795 discrimine3
452 751 576 799 cujus
626 744 890 786 mutationis
939 759 1179 801 quemnam
1230 743 1441 800 probabi-

106 819 194 868 lius
242 828 471 859 auctorem
520 827 711 859 statuere
759 816 1008 873 possimus‚
1066 831 1201 872 quam
1246 814 1440 857 Clisthe-

105 889 292 943 nem⁷)‘.²
352 889 576 931 Pertinuit
613 888 830 929 nimirum
864 890 952 930 hoc
983 901 1161 944 quoque
1200 889 1254 929 ad
1285 884 1441 942 depri-

103 961 313 1003 mendam
355 958 649 1015 patriciorum
689 959 968 1014 potentiam,
1020 959 1097 1015 qui
1151 958 1199 1000 in
1239 955 1438 1000 comitiis

103 1044 148 1074 et
179 1031 339 1089 populi
371 1031 591 1088 suffragiis
624 1030 753 1072 facile
785 1029 966 1072 vincere
1003 1041 1209 1083 poterant
1238 1030 1437 1085 plebeios

49 1156 52 1157 ⁷
103 1104 384 1154 candidatos;
423 1103 469 1143 in
500 1101 738 1144 sortitione
769 1113 941 1151 autern,
982 1100 1061 1144 ubi
1103 1100 1151 1141 in
1183 1102 1363 1141 fortuna
1394 1109 1439 1139 et

101 1190 206 1217 casu
239 1174 388 1216 omnia
420 1173 563 1230 posita
599 1183 734 1223 erant,
766 1173 887 1213 nulla
916 1188 962 1213 re
987 1173 1307 1228 praevalebant.
1349 1173 1436 1211 De-

100 1245 242 1302 nique
273 1258 376 1301 post
409 1246 573 1285 bellum
605 1243 835 1286 Persicum
867 1246 1115 1285 secundum
1136 1242 1346 1286 Aristides
1378 1242 1434 1281 ad

100 1331 255 1359 omnes
286 1317 377 1357 fere
409 1314 703 1370 magistratus,
736 1327 779 1356 et
810 1314 888 1370 qui
909 1314 1129 1370 suffragiis
1153 1325 1196 1354 et
1219 1312 1296 1368 qui
1313 1321 1433 1352 sorte

99 1389 407 1444 capiebantur,
451 1385 659 1426 omnibus
701 1386 869 1427 civium
903 1385 1113 1428 classibus
1144 1383 1318 1426 aditum
1351 1384 1434 1423 de-

102 1460 226 1514 ditss).
289 1461 445 1514 Neque
477 1467 625 1497 tamen
656 1459 830 1498 nullum
863 1457 1051 1499 omnino
1073 1468 1170 1509 post
1192 1456 1430 1497 Aristidem

98 1544 258 1572 census
291 1527 530 1570 discrimen
562 1528 608 1568 in
643 1527 869 1584 capiendis
900 1527 1248 1586 magistratubus
1280 1538 1430 1567 serva-

98 1611 196 1642 tum
230 1615 323 1642 esse
362 1610 490 1655 puto:
542 1613 645 1640 nam
701 1602 965 1656 Quaestores
1015 1600 1190 1655 (ταμίαι)
1241 1596 1429 1653 quidem

98 1671 284 1715 nonnisi
315 1686 365 1713 ex
396 1685 627 1726 supremae
658 1671 806 1712 classis
839 1671 1012 1713 civibus
1052 1681 1172 1712 sorte
1204 1669 1428 1710 duceban-

97 1754 173 1785 tur
187 1743 244 1800 ⁹);
293 1752 337 1783 et
375 1741 423 1783 iu
462 1755 626 1783 novem
665 1745 940 1784 Archontum
979 1739 1188 1799 ἀνακρίσει
1231 1736 1427 1781 solennis

143 1869 181 1913 6)
211 1868 346 1903 Sortiri
369 1867 627 1912 magistratuS,
654 1868 963 1910 democraticum,
990 1867 1177 1912 suffragiis
1196 1866 1328 1908 creari,
1355 1864 1428 1898 ari-

98 1929 344 1963 stocraticum
371 1940 475 1970 esse,
501 1940 578 1962 non
603 1940 678 1962 uno
705 1929 788 1963 loco
814 1929 1036 1964 Aristoteles
1071 1928 1194 1962 docet.
1220 1927 1301 1960 Vid.
1327 1924 1427 1959 Poli-

99 1991 161 2024 tic.
189 1991 252 2023 IV.
269 2000 349 2034 cap.
376 2002 409 2035 9.
433 1991 496 2023 VI.
517 2001 596 2034 cap.
623 2001 655 2023 2.

144 2060 181 2105 7)
209 2058 317 2092 Bello
344 2058 493 2092 Persico
519 2058 666 2103 primO,
692 2060 818 2104 paucis
842 2067 929 2105 post
954 2060 1188 2095 Clisthenem
1212 2056 1332 2097 annis,
1358 2056 1426 2088 Ar·

98 2119 254 2154 chorites
281 2126 382 2152 sorte
407 2119 533 2153 ductos
560 2130 643 2153 esse
667 2127 766 2164 patet
788 2132 831 2154 ex
856 2121 1039 2155 Herodot.
1058 2122 1121 2154 VI.
1150 2131 1228 2165 cap.
1259 2130 1333 2163 109.
1361 2116 1425 2151 uhi

97 2179 366 2214 Polemarchus
391 2179 529 2213 dicitur
554 2178 575 2215 ὅ
599 2179 651 2224 τῷ
683 2176 810 2227 κυάμῳ
836 2181 956 2225 λαχών
990 2179 1208 2225 Ἀθηναίων
1234 2179 1426 2224 πολεμαρ-

97 2245 206 2285 χέειν.
255 2241 399 2276 Tamen
424 2251 469 2274 ex
493 2241 917 2276 Pentacosiomedimnis
942 2242 1151 2276 Archontes
1176 2241 1312 2282 fuisse,
1340 2240 1425 2273 De-

99 2300 257 2335 metrius
281 2301 487 2335 Phalereus
513 2308 673 2337 testatur
696 2315 753 2350 ap.
791 2304 980 2338 Plutarch.
1017 2302 1167 2337 Aristid.
1195 2314 1275 2346 cap.
1304 2312 1331 2334 1.

144 2371 181 2414 8)
208 2370 397 2405 Plutarch.
431 2371 582 2406 Aristid.
619 2384 698 2418 cap,
735 2385 789 2408 22.
822 2373 887 2408 ubi
923 2371 962 2408 οἶ
989 2373 1159 2419 ἄρχοντες
1192 2382 1269 2405 non
1305 2369 1427 2403 solum

100 2430 310 2464 novemviri
344 2430 401 2465 illi
435 2438 544 2474 sunt,
579 2432 646 2467 sed
681 2434 834 2467 omnino
869 2434 1121 2479 magistratus.
1173 2435 1351 2468 Ceterum
1376 2428 1426 2462 cf.

101 2492 266 2527 Boeckh.
296 2493 346 2526 ΙΙ.
371 2505 408 2539 p.
433 2505 514 2540 410.
542 2494 710 2530 Perizon.
738 2494 783 2531 ad
808 2495 887 2530 Ael.
916 2495 1020 2532 VIII.
1060 2508 1112 2532 10.
1149 2494 1294 2530 Corsin.
1320 2493 1358 2526 F.
1385 2490 1425 2522 A.

102 2554 203 2587 Diss.
230 2555 260 2587 Ι.

154 2615 190 2660 9)
216 2615 359 2650 Pollux.
