1706 3058
237 195 293 240 86

235 302 315 345 «ia.
375 305 489 345 Nam
530 303 702 345 veriora
742 317 765 345 a
806 306 988 348 Polluce
1027 317 1069 349 et
1111 306 1246 350 saida
1287 309 1436 358 tradi?
1465 310 1553 353 duo

238 373 310 414 illa
341 373 644 429 Psaphismata
675 374 780 416 satie
810 378 994 432 probare
1032 378 1255 420 existimo.

328 444 485 486 Addita
517 447 731 499 quaedam
763 458 867 488 sunt
899 463 922 488 a
955 448 1148 490 Luzacio
1178 451 1231 489 de
1260 447 1443 501 judicii·
1471 464 1557 506 po-

239 514 355 571 puli,
398 515 444 554 in
486 514 647 569 quibus
689 519 927 576 praecipue
957 519 1159 562 Proedris
1197 519 1293 560 istie
1323 533 1556 563 uon-con·-

240 585 482 626 ‹ribulibus
522 587 670 629 locum
716 589 853 632 fuisse
886 602 1038 647 putat;
1087 591 1165 631 sed
1209 591 1264 631 de
1303 593 1387 632 hac
1428 593 1559 644 huju·

243 654 582 710 Disquisitionie
613 672 761 714 parte,
804 677 916 717 quae
957 673 999 703 et
1033 660 1125 717 ipsa
1159 663 1301 709 habet,
1347 677 1458 718 quae
1489 676 1561 703 re·

240 726 455 782 prehendi
493 740 714 784 oporteat,
762 732 1041 774 commodius
1075 733 1187 773 infra
1219 731 1557 789 disputabimus.

240 799 374 838 Nunc
413 796 526 839 illud
563 815 703 842 unum
746 817 926 844 monere
956 802 1170 844 sufficiat:
1211 802 1248 843 si
1289 803 1559 852 memineris,

238 869 358 908 haud
388 883 482 910 raro
514 885 535 910 a
569 872 879 915 Grammaticis
901 873 1132 915 ecclesiam
1155 887 1256 914 cum
1278 873 1447 925 judicio
1469 888 1561 930 per-

240 939 427 988 mutari,
459 952 588 996 atque
621 946 838 999 populum
870 943 916 985 in
936 944 1122 986 comitio
1142 955 1458 1001 congregatum
1481 957 1562 1001 pro

237 1009 442 1062 judicum
474 1025 681 1055 consessu
712 1001 897 1063 haberir
933 1021 1058 1067 cujus
1098 1015 1162 1057 rei
1201 1014 1420 1056 rationem
1459 1028 1565 1058 cau-

240 1096 423 1136 samque
452 1097 600 1138 supra,
644 1099 737 1140 cap.
769 1087 816 1134 4,
850 1102 1068 1142 exponere
1100 1098 1283 1128 conatus
1315 1101 1435 1139 sum,
1474 1098 1565 1128 ata-

241 1151 323 1192 tim
355 1154 604 1209 apparebit,
646 1155 692 1196 in
723 1156 807 1198 isto
847 1158 1007 1200 Suidae
1039 1161 1165 1205 loco,
1209 1157 1286 1213 qui
1319 1172 1341 1198 a
1372 1150 1563 1199 Luz'acio

242 1222 446 1273 affertur,
489 1226 601 1267 nihil
644 1227 812 1276 inesse,
863 1231 983 1285 quod
1023 1232 1075 1270 ad
1107 1233 1355 1286 εἰσαγγελίαν
1384 1228 1564 1285 proprie

242 1293 430 1344 dictam,
469 1298 752 1340 referendum
796 1315 886 1341 esse
927 1301 1143 1342 videatur.
1205 1303 1345 1341 Immo
1377 1304 1468 1354 δίκη
1500 1298 1565 1340 ibi

244 1363 412 1406 dicitur
452 1381 528 1418 pro
570 1369 730 1424 quovis
773 1371 955 1427 negotio
996 1373 1116 1427 quod
1149 1373 1201 1412 ad
1231 1372 1447 1426 populum
1479 1371 1568 1411 fex·-

242 1446 338 1485 tur3
391 1438 520 1493 quia,
561 1452 612 1480 ut
651 1441 765 1493 dixi,
805 1440 1040 1497 postremis
1081 1442 1254 1484 Atticae
1297 1441 1567 1497 reipublicae

244 1509 543 1562 temporibus,
585 1513 792 1567 pleraque
834 1527 884 1552 ex
914 1511 968 1552 iis
1001 1526 1192 1568 quorum
1224 1511 1454 1553 arbitrium
1486 1527 1569 1568 pe-

243 1591 323 1618 nes
356 1582 573 1635 populum
606 1593 721 1629 erat,
764 1582 942 1638 negotia
974 1594 1096 1624 erant
1138 1581 1392 1635 judiciaria;
1433 1593 1568 1639 atque

240 1652 432 1692 δικασταί
469 1651 657 1706 proinde
697 1655 813 1709 apud
855 1653 1038 1696 Suidam
1070 1669 1160 1696 non
1192 1653 1270 1694 alii
1300 1663 1405 1694 sunt
1436 1668 1567 1710 quam

244 1720 539 1774 ἔκκλησιασταί.

298 1835 302 1838 ,
331 1793 424 1832 Jam
455 1807 550 1834 mea
582 1793 719 1848 ipsius
751 1796 804 1835 de
824 1794 892 1837 his
924 1795 1127 1838 Proedris
1158 1794 1568 1837 non-contribuli-

248 1863 330 1902 bus
353 1863 570 1906 sententia
595 1865 789 1907 breviter
808 1879 872 1907 est
898 1869 1167 1923 exponenda,
1191 1882 1282 1908 non
1305 1866 1475 1907 disertis
1495 1866 1568 1908 illa

250 1932 434 1988 quidem
457 1945 661 1977 veterum
684 1937 953 1993 scriptorum
975 1938 1318 1980 auctoritatibus
1343 1937 1571 1979 confirma-

248 2015 307 2051 ta,
339 2016 512 2055 tamen,
545 2019 594 2048 ut
627 2022 769 2063 spero,
803 2010 906 2050 satis
938 2025 1015 2066 per
1048 2025 1093 2052 sc
1123 2008 1385 2066 probabilis,
1417 2008 1570 2065 reique

249 2074 336 2131 ipsi
369 2092 419 2119 ac
448 2076 610 2119 rationi
656 2092 972 2134 consentanea3
1014 2081 1060 2122 id
1092 2082 1211 2137 quod
1252 2080 1298 2120 in
1329 2082 1457 2122 rebus
1479 2092 1570 2122 tam

251 2147 454 2189 obscur-is
480 2149 686 2192 sufficere
713 2152 852 2192 debet.
874 2176 929 2184 --
975 2155 1186 2205 Prytanes
1206 2147 1358 2208 igitur,
1390 2153 1568 2194 horum-

253 2233 342 2273 que
381 2222 563 2261 Proedri
607 2233 649 2263 et
686 2220 905 2278 Epistata,
947 2223 1082 2265 unius
1114 2238 1267 2265 omnes
1299 2232 1342 2263 et
1373 2222 1570 2274 ejusdem

255 2300 381 2330 crant
403 2290 555 2333 tribus.
597 2292 670 2344 Hi,
701 2296 808 2335 dum
840 2293 886 2334 in
912 2296 1180 2347 Prytaneatu
1198 2303 1336 2346 erant,
1366 2292 1569 2334 universi

255 2363 443 2402 Senatus
473 2377 708 2419 personam
738 2367 968 2422 gerebant;
1001 2365 1222 2422 quidquid
1250 2379 1273 2406 a
1304 2367 1469 2407 Senatu
1498 2365 1571 2406 vel

253 2433 420 2487 populo
453 2436 672 2490 agendum
705 2448 814 2490 erat,
845 2437 1043 2493 primum
1075 2439 1129 2478 ad
1159 2439 1267 2489 h08,
1315 2435 1478 2478 deinde
1516 2436 1570 2478 ab

255 2502 326 2542 his
357 2505 410 2544 ad
439 2507 673 2554 Senatum,
716 2523 795 2563 per
823 2511 902 2550 hos
935 2510 1123 2567 denique
1154 2523 1176 2550 a
1207 2511 1371 2551 Senatu
1402 2508 1454 2548 ad
1484 2521 1573 2564 po-

254 2575 412 2628 pulum
445 2576 674 2620 ferebatur,
735 2578 794 2619 Hi
836 2583 1020 2622 Senatus
1059 2593 1290 2622 consessus
1329 2577 1573 2635 populique

255 2644 437 2687 comitia
478 2652 784 2691 convocabant
824 2662 867 2692 et
917 2654 1272 2694 moderabantur.
1352 2651 1437 2694 Sed
1482 2663 1572 2705 quo

258 2717 494 2773 ampliores
526 2721 835 2780 gravioresque
866 2723 910 2763 in
931 2723 1172 2780 Republica
1195 2733 1336 2779 partes
1366 2719 1427 2762 iia
1453 2734 1571 2762 com-
