1706 3058
224 145 304 179 200

224 241 309 282 hoc
338 239 534 296 primum
566 238 718 295 colligi
753 250 910 293 potest,
942 242 1189 297 εἰσαγγελίαν
1220 237 1350 281 certis
1374 242 1537 282 formu·

224 309 279 350 lis
311 309 647 364 concipiendam
677 310 836 358 luisse,
879 322 924 353 et
960 311 1323 353 conscribendam
1360 323 1539 366 quoque

225 380 318 422 sine
349 380 510 428 dubio,
542 379 589 421 id
616 383 736 436 quod
768 380 862 422 aliis
893 395 1071 439 quoque
1102 382 1348 424 rationibus
1377 382 1541 436 proba-

227 458 373 501 tur⁹').
435 450 579 501 Dein,
621 452 659 493 si
689 463 865 507 accepta
897 464 1009 495 esset
1042 457 1288 510 εἰσαγγελία,
1328 450 1541 505 [liberum

230 523 350 564 enim
382 520 566 564 Senatui
597 520 644 562 in
664 523 929 578 quibusdam
952 534 1070 565 certe
1092 524 1234 566 causis
1257 523 1393 564 fuisse
1414 521 1545 562 vide-

227 606 299 635 tur
328 592 586 643 arbitrium,
625 594 816 634 velletne
856 608 954 635 eam
986 594 1216 651 accipere,
1258 607 1341 636 nec
1370 594 1544 648 ne]⁹⁴);

227 664 345 706 diem
383 677 458 706 reo
499 663 666 704 dictam
704 679 796 706 esse
827 678 849 704 a
879 665 1145 717 Prytanibus
1185 667 1238 706 ad
1269 679 1444 706 causam
1475 663 1545 705 di-

226 737 429 776 cendam.
489 733 696 782 Interim,
728 733 815 776 nisi
849 737 980 776 vades
1014 738 1155 787 dabat,
1184 735 1232 776 in
1255 734 1454 777 vinculis
1472 736 1544 776 ha-

223 806 318 849 beri
348 804 518 863 potuit3
553 816 684 860 atque
717 803 765 845 in
793 806 1032 857 majestatis
1065 816 1107 847 et
1135 807 1363 862 peculatus
1393 804 1548 848 crimi-

226 893 310 926 ne,
343 876 518 920 etiamsi
546 877 679 917 vades
710 877 810 918 dare
831 889 1004 932 paratus
1025 888 1137 918 esset
1150 882 1214 930 ⁹⁵).
1274 876 1436 918 Iudicii
1460 877 1545 929 die,

226 959 428 990 accusato
449 962 523 989 reo
546 958 674 1004 atque
694 948 889 1000 defenso,
920 947 1128 1004 suffragia
1159 948 1409 989 ferebantur
1427 962 1450 988 a
1476 950 1548 990 Se-

227 1019 459 1062 natoribus
493 1019 680 1071 occulta,
711 1020 1085 1074 quemadmodum
1105 1018 1152 1059 in
1173 1017 1409 1060 ordinariis
1441 1031 1547 1074 quo-

228 1106 314 1149 que
343 1089 526 1144 judiciis
558 1092 610 1130 ab
650 1087 858 1131 Heliastis
896 1088 1000 1129 ferri
1042 1091 1252 1130 solebant.
1321 1089 1548 1132 Condem-

227 1173 334 1207 nato
365 1176 464 1217 reo,
505 1162 763 1217 sequebatur
794 1162 928 1201 altera
960 1159 1244 1208 deliberatio,
1284 1161 1337 1201 de
1365 1162 1548 1210 mulcta,

229 1250 384 1292 quam,
417 1234 456 1274 si
485 1246 577 1273 non
607 1235 819 1283 majorem
849 1230 1105 1286 quingentis
1131 1231 1350 1272 drachmis
1372 1232 1545 1288 imponi

228 1305 483 1364 placuisset,
517 1306 701 1344 Senatus
731 1300 824 1356 ipse
844 1301 1040 1353 dicebat3
1071 1300 1137 1341 sin
1159 1301 1361 1358 graviore
1383 1303 1551 1345 mulcta

228 1387 308 1419 aut
336 1373 515 1430 capitali
555 1386 696 1427 poena
734 1371 905 1412 crimen
952 1371 1137 1427 dignum
1178 1386 1268 1412 esse
1309 1371 1550 1426 videretur,

230 1445 443 1504 quoniam
486 1445 601 1484 ultra
642 1441 900 1498 quingentas
941 1443 1167 1483 drachmas
1210 1442 1390 1484 Senatui
1432 1445 1551 1486 mul.-

228 1529 347 1560 ctare
387 1530 479 1558 non
516 1514 712 1571 3licebat,
764 1514 821 1554 ad
868 1512 1094 1555 Heliaeam
1140 1527 1268 1556 causa
1314 1511 1551 1567 rejicieba-

275 1680 337 1727 93)
363 1681 513 1720 Isaeus,
540 1677 587 1711 de
608 1678 745 1722 Pyrrhi
767 1676 1021 1722 haereditate,
1046 1690 1084 1723 p.
1109 1689 1164 1724 49.
1192 1678 1217 1711 1.
1245 1686 1300 1721 25.
1327 1675 1452 1721 steph.
1479 1675 1550 1712 hac

231 1742 350 1775 utitur
373 1740 586 1774 locutione:
614 1736 841 1784 α’πογραφεὶς
865 1735 912 1773 εἷς
935 1737 1003 1782 τήν
1024 1737 1160 1783 βουλήν
1191 1736 1422 1782 κακουργῶν,
1458 1735 1554 1774 ὕπο-

232 1801 359 1849 χωρῶν
383 1800 504 1845 ᾤχετο.
531 1797 687 1843 perinde
711 1798 792 1830 sine
818 1797 930 1831 dubio
953 1797 1027 1831 hoc
1051 1804 1121 1839 est,
1146 1809 1188 1831 ac
1213 1797 1244 1831 si
1265 1796 1415 1830 dixisset
1438 1794 1552 1843 εἰσαγ-

231 1863 385 1910 γελθείς.
412 1860 460 1894 cf.
487 1857 621 1892 Matth.
649 1857 697 1891 de
720 1856 801 1890 Iud.
837 1857 922 1891 Ath.
954 1869 989 1902 p.
1019 1870 1094 1904 237.
1119 1864 1198 1892 not.
1239 1868 1292 1901 15.
1319 1859 1555 1903 Perscriptae

235 1921 457 1969 εἰσαγγελίας
482 1918 718 1964 exemplum,
745 1919 840 1961 ejus,
867 1930 937 1966 qua
961 1918 1195 1957 Alcibiadem
1218 1918 1417 1951 Thessalus
1444 1917 1552 1958 detu-

233 1981 305 2024 tit,
331 1981 453 2015 adhuc
477 1984 648 2026 superest
671 1977 770 2023 apud
794 1978 980 2014 Plutarch.
1016 1978 1079 2013 vit,
1103 1978 1223 2015 Alcib.
1249 1989 1328 2023 cap.
1356 1989 1412 2013 22.

277 2088 338 2134 94)
363 2087 507 2121 Eadem
531 2092 587 2120 est
608 2084 763 2119 Heraldi
786 2085 993 2127 sententia,
1020 2086 1091 2119 111.
1119 2097 1151 2130 9.
1179 2085 1213 2128 ξ.
1243 2097 1273 2121 1.
1325 2085 1420 2119 Cum
1455 2088 1551 2132 quis,

233 2146 378 2191 inquit,
405 2146 547 2180 delatus
573 2146 718 2188 fuerat,
744 2145 820 2179 sive
844 2147 882 2177 in
906 2145 1044 2179 Senatu
1068 2145 1146 2179 sive
1170 2145 1210 2178 in
1233 2145 1365 2190 populi
1391 2157 1553 2186 conven-

231 2213 299 2248 tu,
339 2206 462 2251 prima
495 2207 717 2253 disceptatio
751 2211 852 2249 erat,
893 2216 938 2238 an
972 2203 1175 2252 εἰσαγγελία
1200 2211 1297 2243 esset
1320 2206 1550 2251 recipienda.

234 2268 298 2302 De
320 2267 458 2312 populo
492 2268 637 2303 incerta
660 2279 721 2302 res
744 2269 831 2309 {est3
867 2264 912 2299 de
938 2266 1076 2300 Senatu
1099 2273 1230 2301 auctor
1260 2273 1317 2307 est
1341 2267 1456 2302 etiam
1480 2257 1554 2313 Ly-

234 2328 307 2362 sias
331 2328 370 2361 in
394 2328 612 2364 Nicomaeh.
645 2341 681 2374 p.
720 2333 794 2371 ¹85·
831 2338 885 2361 20.
918 2323 943 2369 ἦ
969 2325 1103 2371 βουλή,
1141 2324 1231 2364 ὅταν
1262 2329 1329 2373 μὲν
1355 2327 1416 2375 ἔχῃ
1443 2326 1553 2363 ἱκανοὶ

235 2385 403 2437 χρήματα
427 2385 476 2424 εἰς
500 2387 694 2435 διοίκησιν,
723 2384 827 2424 ου’ὃέν
851 2384 1116 2430 ἐξαμαρτάνει·
1142 2383 1232 2423 ὅταν
1256 2386 1292 2422 δὲ
1317 2385 1365 2425 εἷς
1390 2385 1554 2435 οἷπορίαν

235 2447 418 2496 καταστῇ,
454 2446 700 2495 ἀναγκάζεται
732 2445 949 2495 εἰσαγγελίας
983 2444 1154 2491 δέχεσθαι
1178 2461 1210 2482 x.
1236 2462 1268 2484 τ.
1296 2448 1327 2484 λ.
1364 2449 1423 2482 Ita
1446 2446 1552 2494 loqui

235 2519 313 2542 non
335 2508 539 2554 potuisset,
573 2509 646 2543 nisi
670 2510 832 2545 liberum
855 2506 989 2541 fuisset
1014 2508 1172 2542 Senatus
1196 2508 1406 2543 arbitrium.

277 2601 337 2646 95)
374 2600 572 2636 Demosth.
600 2601 679 2636 adv.
706 2601 870 2636 Timocr.
897 2611 933 2645 p.
959 2611 1038 2646 720.
1066 2599 1114 2634 cf.
1148 2599 1302 2635 Herald.
1337 2599 1408 2638 111.
1438 2610 1491 2637 ια,
1516 2606 1550 2644 5.

232 2672 311 2712 sqq.
338 2667 376 2696 et
399 2661 586 2699 Matthiae
611 2661 658 2697 de
683 2661 764 2697 Iud.
790 2661 877 2697 Ath.
903 2672 938 2709 p.
966 2671 1042 2708 235.
1069 2666 1146 2699 not.
1174 2673 1227 2699 ιι.
