1706 3058
0 154 20 183 ἰ

1376 134 1431 190 47

28 282 45 297 x
97 270 203 299 cum
236 252 297 297 sit
326 250 607 310 ‚‚perendie“
637 248 694 294 ’τό
725 249 822 304 μετὰ
852 267 928 304 την
958 266 1126 305 αυριον,
1167 256 1219 288 ut
1249 244 1312 286 ait
1342 247 1438 287 He-

93 325 512 381 sychius.1taque
551 337 646 366 non
689 324 866 365 XXXIII
906 323 984 362 sed
1020 322 1170 363 XXXII
1205 317 1439 399 prytaniae

53 435 55 437 .
97 397 190 440 diei
222 396 482 454 assignanda
514 394 673 437 fuisset
712 403 866 450 quarta
899 391 1098 436 ecclesia.

181 472 250 511 Ex
278 467 347 509 his
378 467 589 510 omnibus
609 465 715 509 satis
741 477 936 521 apparet,
969 462 1320 507 incertissimam
1346 476 1441 504 esee

96 556 277 584 omnem
308 538 610 582 comitialium
642 537 817 579 dierum
849 535 1096 585 rationem,
1128 549 1278 592 neque
1310 533 1438 591 quid-

97 627 231 669 quam
261 622 544 668 compertum
575 609 709 652 nobis
740 624 848 658 esse,
878 607 967 649 nisi
996 610 1083 649 hoc
1113 623 1280 656 unum,
1326 621 1442 662 qua-

94 695 218 725 terna
255 682 444 738 singulis
483 680 702 738 prytaniis
743 679 928 723 comitia
971 678 1196 722 ordinaria
1235 680 1440 720 habenda

94 753 259 804 fuisse;
300 768 413 810 quae
455 755 490 793 si
523 752 624 808 quis
655 764 806 809 putet,
848 752 911 793 ita
944 751 1087 793 fuisse
1119 750 1345 799 ordinata,
1386 761 1440 792 ut

96 826 359 882 aequalibus
380 826 470 866 fere
491 824 666 865 dicrum
691 823 939 865 intervallis
964 822 1200 871 distarent,
1233 823 1279 864 id
1311 823 1442 880 equi-

96 900 201 938 dem
222 896 315 937 veri
337 895 626 937 simillimum
648 910 743 936 esse
762 896 977 945 concedo,
1002 894 1298 935 demonstrari
1310 909 1441 950 posse

95 981 226 1024 nege.
268 966 467 1019 Etenim,
487 981 589 1007 cum
611 965 773 1006 diserta
797 976 1000 1006 veterum
1023 964 1294 1021 scriptorum
1317 965 1439 1007 testi·

94 1036 247 1080 monia
270 1051 353 1078 nos
385 1036 622 1085 deficiant,
657 1039 740 1079 hac
763 1050 851 1077 una
881 1035 953 1076 via
983 1035 1331 1093 ingrediendum
1367 1037 1442 1077 fo·-

94 1120 186 1158 ret,
231 1119 283 1149 ut
321 1107 637 1149 conferrentur
669 1122 721 1148 ex
761 1121 923 1148 eorum
957 1122 1071 1164 quae
1102 1118 1275 1149 exstant
1303 1106 1442 1148 hodie

94 1179 443 1238 psephismatum
464 1193 654 1220 numero
673 1177 849 1227 omnia,
883 1193 996 1234 quae
1020 1178 1068 1219 in
1093 1178 1329 1235 ordinariis
1360 1192 1442 1221 co-

94 1251 240 1294 mitiis
259 1254 346 1293 lata
365 1248 646 1300 viderentur,
681 1254 810 1302 cujus
831 1250 1005 1306 generis
1026 1252 1145 1307 apud
1168 1253 1443 1292 Demosthe..

98 1339 204 1366 nem
223 1333 330 1365 sunt
358 1322 593 1369 nonnulla,
629 1323 685 1363 de
708 1324 871 1365 Coton.
901 1321 994 1364 255.
1040 1320 1145 1365 Ἐπὶ
1174 1326 1442 1380 Χαιρωνίδου

91 1393 324 1452 Ἠγέμονος
362 1393 579 1448 ἄρχοντος,
621 1399 887 1449 Γαμηλιῶνος
921 1396 1015 1454 ἕκτῃ
1048 1392 1264 1447 ἀπιόντος,
1305 1401 1444 1449 φυλῆς

97 1464 438 1523 πρυτανευούσης
454 1468 704 1516 Λεοντίδος,
735 1463 1024 1520 Ἀριστόνικος
1055 1466 1285 1522 Φρεάῤῥιος
1315 1465 1443 1510 εἶπεν.

98 1560 154 1569 -—-
173 1536 273 1578 ibid
293 1551 340 1593 p.
363 1535 459 1577 265.
488 1535 659 1590 ”Αρχων
692 1535 934 1590 Δημόνικος
970 1538 1142 1589 Φλυεῦς,
1176 1541 1446 1592 Βοηδρομιῶ-

98 1626 173 1659 νος
203 1609 298 1666 ἕκτῃ
329 1604 408 1660 μετ’
440 1605 598 1659 εἰκάδα,
629 1606 771 1666 γνώμῃ
798 1611 954 1663 βουλῆς
983 1611 1052 1651 καὶ
1082 1608 1231 1663 δήμου,
1264 1611 1446 1658 Καλλίας

101 1678 335 1735 Φρεάῤῥιος
370 1677 494 1720 εἶπεν.
515 1701 573 1709 --
592 1694 635 1733 Ρ.
660 1678 758 1723 266.
794 1677 898 1722 Ἐπὶ
927 1679 1126 1735 ἄρχοντος
1155 1678 1444 1732 Εὐθυκλέους,

99 1753 410 1804 Πυανεψιῶνος
433 1750 581 1809 ἒννάτῃ
604 1747 811 1803 ἀπιόντος,
846 1755 982 1805 φυλῆς
1009 1751 1350 1808 πρυτανευούσης
1373 1755 1444 1795 Οἰ-

95 1825 254 1878 νηΐδος,
287 1825 514 1875 Κτησιφῶν
533 1823 801 1872 Λεοσθένους
816 1821 1124 1877 Ἀναφλύστιος
1143 1823 1268 1867 εἶπεν.
1307 1825 1444 1865 Plura

97 1894 284 1936 fortasse
313 1891 513 1934 inveniri
545 1905 755 1950 possunt,
796 1893 926 1937 abiis
953 1894 1238 1951 praesertim,
1277 1895 1445 1952 quibus

97 1975 306 2016 veterum
324 1964 687 2021 Inscriptionum
706 1965 1000 2011 collectiones
1028 1969 1085 2010 ad
1118 1981 1302 2010 manum
1321 1977 1446 2020 sunt,

99 2049 290 2092 quarum
321 2050 408 2077 usu
436 2035 554 2078 mihi
583 2040 829 2081 carendum
860 2050 946 2086 est3
976 2041 1052 2081 sed
1074 2041 1183 2081 haec
1202 2044 1292 2092 jam
1312 2037 1444 2080 suffi-

99 2107 226 2151 cient
244 2109 300 2150 ad
319 2107 380 2162 id,
403 2109 525 2165 quod
547 2110 669 2165 volo,
693 2111 1025 2154 declarandum.
1043 2135 1100 2142 —
1138 2111 1259 2154 Dein
1280 2108 1446 2152 descri-

99 2179 244 2222 benda
272 2190 423 2221 essent
444 2180 702 2223 calendaria
730 2183 836 2236 duo,
866 2183 1058 2225 alterum
1089 2181 1350 2240 vulgaribus
1378 2183 1447 2223 al·-

99 2260 248 2292 terum
284 2249 627 2294 intercalaribus
663 2251 794 2294 annis
827 2255 1109 2310 adaptatum,
1157 2256 1450 2310 notandaque

100 2320 153 2363 in
180 2333 373 2380 utroque
402 2323 707 2379 prytaniarum
736 2323 894 2373 initia;
929 2341 1200 2384 quamquam
1219 2327 1361 2367 multa
1394 2322 1447 2364 in

102 2392 172 2436 his
202 2409 257 2439 ex
285 2400 541 2449 conjectura
572 2394 886 2437 constituenda
923 2398 1095 2447 forent,
1148 2411 1254 2440 cum
1282 2394 1450 2451 perob-

102 2477 231 2507 scura
273 2466 332 2509 sit
370 2468 588 2510 fastorum
626 2465 879 2509 Atticorum
911 2468 1038 2512 ratio.
1100 2470 1188 2512 Sed
1218 2478 1271 2509 ut
1299 2478 1449 2522 pona-

101 2551 226 2591 mus,
266 2536 317 2579 in
356 2538 532 2597 vulgari
579 2552 697 2580 anno
733 2538 901 2595 primas
942 2543 997 2584 VI
1025 2539 1251 2598 prytanias
1281 2538 1447 2587 XXXV,

101 2620 349 2666 postremas
384 2613 440 2656 1v
457 2622 608 2655 autem
638 2613 809 2657 XXXVI
829 2610 1008 2656 dierum
1038 2613 1190 2664 fuisse,
1220 2609 1270 2653 in
1302 2607 1447 2659 inter:
