1706 3058
1333 118 1410 161 2117

94 227 202 260 natu
233 217 287 257 ad
315 216 534 272 populum
573 213 825 253 ferebantur
864 211 915 253 in
960 209 1179 258 comitiis,
1221 208 1415 253 minime

92 301 241 330 autem
282 286 329 327 in
367 286 425 327 iis
465 298 575 340 quae
615 294 689 324 aut
729 285 782 324 ab
823 282 921 338 ipso
962 284 1152 324 delatore
1182 282 1337 324 statim'
1360 285 1416 324 ad

91 359 312 415 populum
343 358 613 405 ferebantur,
642 366 717 395 aut
749 369 771 394 a
801 356 966 396 Senatu
996 355 1226 408 populove
1258 357 1312 395 ad
1342 360 1416 407 ju..

95 428 269 470 dicium
300 426 591 469 Heiiasticum
614 424 942 476 rejiciebantur.
987 427 1035 464 In
1058 424 1127 464 his
1160 426 1279 467 enim
1312 430 1415 470 εἰσα-

93 500 235 558 γώγεις
265 498 399 540 fuisse
429 498 770 539 Thesmothetas
804 495 1218 540 demonstravimus.

116 596 120 605 ·
178 568 356 611 Eversis
387 569 537 625 itaque
569 566 844 609 Luzacianae
884 565 1111 621 opinionis
1144 569 1416 615 fundamen-

93 641 172 689 tis,
206 639 380 689 omnia,
413 654 523 696 quae
554 637 610 679 iis
640 648 937 693 superstructa
967 649 1083 686 sunt,
1117 653 1322 685 corruant
1345 661 1418 687 ne.

95 727 214 755 cesse
243 723 329 761 est;
367 710 497 754 nobis
529 721 690 758 autem,
716 707 786 751 his
810 709 1097 766 pertractatu,
1130 713 1182 754 ad
1215 713 1297 756 alia
1321 732 1418 772 pro-

95 782 220 842 gredi
257 783 375 827 licet.

477 1063 841 1113 CAPUT
946 1068 1048 1119 IV.

99 1178 173 1223 De
222 1178 330 1220 aliis
374 1176 567 1234 judiciis
610 1176 777 1235 populi
826 1177 1212 1222 extraordinariis
1272 1192 1318 1226 et
1367 1187 1422 1227 de

374 1256 558 1300 indiciis
597 1256 661 1298 ad
703 1258 934 1314 populum
979 1257 1146 1317 sacris.

186 1432 370 1470 Exstant
400 1430 608 1484 quaedam
642 1430 760 1484 apud
791 1427 1027 1483 scriptores
1051 1445 1278 1476 causarum
1303 1451 1327 1478 a
1351 1452 1424 1492 po-

103 1501 209 1557 pulo
241 1498 533 1552 judicatarum
567 1500 787 1555 exempla,
827 1498 874 1539 in
905 1500 1070 1555 quibus
1102 1515 1250 1546 tamen
1283 1523 1427 1565 neque

104 1576 350 1629 εἰσαγγελίας
380 1568 549 1609 mentio
581 1569 631 1611 fit
650 1601 669 1620 ,,
705 1585 851 1625 neque
882 1584 1061 1627 propter
1092 1574 1197 1616 alias
1230 1577 1424 1621 rationes

104 1643 330 1701 probabile
362 1651 448 1687 est,
499 1655 567 1681 eas
597 1656 675 1696 per
706 1644 950 1697 εἰσαγγελίαν
995 1645 1158 1688 delatas
1193 1662 1298 1691 esse.
1358 1655 1426 1693 De

105 1715 174 1757 his
215 1717 302 1756 hoc
342 1711 485 1764 capite
525 1726 649 1768 agere
689 1712 970 1768 propositum
1010 1726 1088 1758 est.
1159 1720 1335 1776 Itaque,
1375 1735 1428 1765 ut

104 1800 193 1828 una
232 1782 489 1826 definitione
530 1782 678 1824 omnia
719 1787 1177 1842 comprehendamus,
1220 1794 1430 1848 agebatur

104 1871 428 1912 nonnunquam
459 1854 508 1895 in
540 1854 734 1897 comitiis
753 1857 808 1897 de
829 1854 1093 1900 criminibus
1125 1862 1318 1916 publicis
1338 1881 1428 1907 ma-

106 1928 274 1982 joribus
307 1937 382 1967 aut
414 1925 790 1980 extraordinariis,
830 1941 1022 1983 quorum
1064 1935 1175 1982 justa
1206 1937 1429 1979 accusatio

109 2016 132 2041 a
163 1999 335 2056 privato
369 1996 573 2037 insutum
606 2012 696 2039 non
729 2009 843 2048 erat,
878 2002 1147 2057 (εἰσαγγελίαν
1181 2016 1328 2048 autem
1361 2013 1431 2061 ju-

111 2070 190 2113 stis
234 2069 594 2111 accusationibus
631 2072 1099 2120 accensendamesse,
1140 2089 1163 2115 e
1204 2078 1432 2132 superiore

110 2141 255 2199 capite
273 2146 407 2197 patet)
439 2144 514 2182 sed
544 2151 617 2182 aut
647 2140 928 2198 magistratus
947 2143 1164 2199 quispiam
1197 2160 1303 2197 erat,
1338 2153 1428 2206 qui,

111 2226 162 2256 ut
192 2213 324 2255 hodie
355 2216 490 2270 vulgo
521 2213 642 2269 loqui
674 2215 838 2261 solent,
872 2228 921 2254 ex
954 2214 1104 2256 officio
1132 2233 1261 2262 reum
1289 2238 1433 2278 perse.

113 2288 342 2344 quebatur,
376 2297 450 2326 aut
480 2285 679 2340 privatus
708 2283 930 2327 indicium
958 2287 1174 2331 detulerat
1203 2303 1282 2334 aut
1307 2310 1434 2339 reum

115 2358 163 2400 in
193 2356 288 2414 ipso
321 2356 514 2398 facinore
545 2355 780 2398 manifesto
812 2357 1134 2412 deprehensum
1155 2362 1433 2420 magistratu·

114 2431 197 2472 bus
229 2430 490 2476 adduxerat,
532 2427 578 2469 hi
620 2439 766 2470 autem
806 2426 854 2468 in
893 2428 1157 2473 concionem
1197 2448 1296 2476 eum
1326 2452 1434 2493 pro..

117 2502 367 2543 ducendum
405 2498 786 2547 existimaverant,
833 2511 909 2540 aut
949 2501 1142 2558 denique
1183 2510 1434 2565 pervulgati

117 2573 302 2625 alicujus
348 2571 646 2627 omnibusque
686 2569 782 2613 noti
830 2572 1059 2628 maleficii,
1109 2580 1234 2627 cujus
1277 2583 1434 2629 justam

118 2644 448 2688 accusationem
487 2653 563 2683 aut
605 2654 802 2700 tempora
852 2655 1076 2700 expectare
1118 2657 1317 2691 vetarent
1364 2655 1440 2695 aut
