1706 3058
253 66 332 110 526

250 173 481 216 Archontis
514 173 713 222 creandi;
754 174 847 215 fore
886 173 1042 230 igitur,
1085 185 1135 215 ut
1164 187 1282 215 sacra
1311 173 1449 229 patria
1478 172 1566 216 'rite

251 244 400 300 peragi
435 244 677 300 nequirent.
739 248 916 300 Itaque,
947 244 984 285 si
1015 259 1071 287 ne
1093 255 1211 286 sorte
1245 243 1430 300 quidem
1461 244 1567 286 duci

251 315 526 369 magistratus
559 329 610 356 eo
642 326 842 371 tempore
871 326 1059 370 poterat,
1089 317 1233 357 multo
1265 314 1400 356 etiam
1421 315 1567 356 miuus

252 384 300 425 in
340 384 532 426 comitiis
571 400 594 426 a
633 387 798 442 populo
841 386 978 428 creari
1020 397 1205 442 poterat.
1273 388 1330 426 Et
1369 385 1491 439 quod
1519 383 1571 426 in

253 454 419 496 sortitis
449 457 789 512 magistratubus
810 456 999 498 fortassis
1022 459 1156 498 semel
1188 466 1360 497 tantum
1389 469 1468 510 per
1496 469 1570 496 ne-

254 528 316 567 fas
359 526 527 568 factum
567 539 654 576 est,
696 540 748 569 ut
787 533 999 583 δοκιμασία
1039 529 1087 570 in
1126 527 1423 584 penultimum
1462 525 1569 566 anni

256 596 374 637 diem
414 596 686 646 differretur.
729 598 777 640 id
813 602 1014 656 profecto
1061 600 1109 640 in
1146 605 1440 655 χειροτονητοῖς
1477 611 1571 638 ¹10ss

254 668 400 722 potuit
439 670 534 724 lege
573 668 791 710 sancitum
831 685 935 713 esse.
993 672 1078 712 Sed
1116 684 1290 716 vereor,
1340 683 1396 709 ne
1435 666 1572 709 nimis

253 742 340 789 jam
368 741 506 780 multa
537 741 695 782 dixisse
725 741 875 781 videar
905 742 959 781 de
991 756 1037 782 re
1068 738 1352 796 apertissima.

340 811 464 864 Quae
496 810 635 866 igitur
666 822 864 867 tempora
895 812 1233 868 magistratuum
1262 808 1462 852 comitiis
1491 820 1575 851 sta-

256 892 350 922 tuta
380 881 551 937 legibus
582 881 767 932 fuerint,
799 882 993 938 ignorari
1011 898 1033 924 a
1055 881 1184 923 nobis
1209 882 1424 923 fateamur
1446 894 1575 936 opor-

257 963 344 1001 tet;
394 966 538 1008 neque
577 954 720 993 multo
760 953 912 994 minus
953 953 1063 994 illud
1104 953 1321 994 incertum
1361 961 1449 1000 est,
1492 950 1571 1008 qui

255 1023 532 1078 magistratus
563 1023 632 1065 his
677 1023 871 1066 comitiis
913 1022 1201 1080 praefuerint.
1271 1026 1574 1078 Strategorum

256 1093 467 1150 quidem,
509 1095 880 1143 Taxiarchorum‚
921 1095 1279 1150 Hipparchorum
1313 1105 1357 1136 et
1387 1094 1575 1147 Phylar-

256 1167 443 1206 chorum
482 1165 752 1207 creationem
795 1181 817 1207 a
856 1181 1021 1208 novem
1054 1165 1345 1208 Archontibus
1377 1174 1574 1205 curatam

257 1249 351 1276 esse
374 1234 562 1291 legimus
575 1238 691 1291 apud
704 1238 1012 1288 Pollucem⁶2);
1045 1252 1156 1278 num
1180 1235 1319 1292 igitur
1330 1236 1574 1278 eorundem

255 1305 366 1353 fuit,
400 1306 534 1347 etiam
564 1305 756 1361 reliquos
786 1308 1087 1363 magistratus,
1130 1305 1375 1347 ordinarios
1406 1307 1574 1358 saltem,

256 1376 431 1418 creare?
489 1376 738 1432 Equidem,
780 1391 884 1419 cum
920 1389 1091 1433 praeter
1128 1377 1229 1418 illos
1269 1375 1384 1417 nulli
1415 1391 1438 1417 a
1468 1377 1577 1419 Pol-

256 1448 356 1487 luce
386 1446 690 1496 nominentur,
723 1447 1001 1504 reliquorum
1017 1447 1213 1490 comitiis
1227 1463 1319 1490 non
1330 1449 1574 1490 Archontes

256 1516 498 1572 praefuisse
516 1516 794 1570 crediderim,
824 1521 902 1561 sed
929 1521 1133 1570 eosdem,
1163 1518 1239 1575 qui
1255 1520 1392 1576 vulgo
1425 1518 1576 1561 omnia

255 1587 438 1630 comitia
475 1590 636 1630 habere
673 1591 892 1639 solebant,
944 1592 1156 1643 Prytanes
1206 1605 1309 1632 cum
1355 1591 1573 1636 Proedris.

259 1660 349 1715 Qui
398 1649 700 1716 magsstratum
747 1662 941 1718 aliquem
989 1661 1266 1710 ambierunt,
1319 1664 1577 1719 σπουδαρχάς

259 1727 402 1770 dictos
432 1744 548 1778 esse,
580 1742 740 1774 notum
772 1735 923 1787 est⁶⁹),
956 1735 1076 1774 unde
1106 1732 1348 1774 ridiculum
1379 1737 1576 1777 vocabu..

257 1801 350 1841 lum
382 1802 499 1856 apud
528 1801 891 1858 Aristophanem,
934 1807 1252 1858 σπουδαρχίδης,
1292 1805 1346 1844 de
1377 1818 1454 1857 eo,
1495 1805 1575 1862 qui

257 1871 423 1926 cupide
463 1872 743 1928 magistratus
785 1873 975 1930 petit⁷0).
1045 1877 1129 1917 Sed
1166 1874 1315 1930 ipsum
1347 1875 1574 1917 ambiendi

258 1956 428 1983 morem
461 1958 551 1984 non
582 1955 670 1985 tam
700 1945 856 1986 multis
878 1944 926 1986 in
957 1945 1114 1994 Attica,
1148 1959 1279 2002 quam
1299 1945 1348 1986 in
1377 1948 1576 1988 Romana

259 2012 441 2056 historia
474 2014 684 2071 exemplis
715 2015 932 2057 illustrare
952 2030 1209 2073 possumus;
1241 2030 1506 2073 quamquam
1526 2027 1578 2060 ut

259 2099 403 2126 rarum
426 2097 468 2126 et
498 2085 790 2127 memorabile
818 2099 1019 2129 narratur
1032 2086 1272 2130 Phocionis
1305 2091 1574 2144 exemplum,

261 2156 338 2211 qui
369 2157 554 2212 plurima
585 2156 774 2214 imperia
804 2160 984 2214 adeptus
1025 2158 1086 2201 sit
1122 2161 1299 2211 absens,
1339 2158 1437 2200 sine
1464 2160 1578 2216 peti-

259 2226 382 2268 tione
413 2239 455 2269 et
486 2230 666 2271 ambitu.
724 2229 1034 2286 Ἐστρατήγησε,
1064 2231 1214 2291 inquit
1242 2232 1576 2292 Plutarchusfl),

306 2377 366 2419 65)
392 2378 495 2411 VIII.
522 2383 577 2424 87.

308 2446 366 2491 69)
393 2448 563 2492 Xenoph.
590 2448 758 2492 Sympos.
795 2459 874 2492 cap.
910 2449 938 2482 I.
966 2449 999 2494 §.
1024 2461 1058 2494 4.

307 2519 366 2560 70)
392 2516 551 2550 Acham.
580 2530 612 2550 v.
642 2527 718 2562 595.
754 2516 916 2552 Bruuck.

308 2585 362 2628 5·¹)
388 2585 459 2619 Vit.
495 2585 672 2620 Phocion.
701 2598 780 2632 cap.
807 2591 838 2625 8.
