1706 3058
259 95 341 136 240

258 201 504 256 τιμητύς”),
544 212 809 256 quamquam
849 199 1130 256 plerumque,
1171 197 1250 255 qui
1303 194 1583 241 condemnati

199 283 201 286 ’
261 285 430 323 essent,
462 283 603 314 morte
635 270 838 312 mulctati
872 285 965 313 esse
994 271 1218 312 videntur.

348 346 432 387 Sed
465 343 575 384 illud
608 356 786 397 quoque
814 356 1139 398 nonnunquam
1170 343 1333 382 factum
1359 354 1450 383 esse
1478 339 1585 397 legi·

259 432 377 466 mus,
416 426 465 455 ut
506 414 582 468 qui
627 423 904 454 accusaturus
951 412 1146 469 aliquem
1177 411 1358 468 publico
1393 411 1585 454 crimine

261 498 395 539 esset,
435 485 477 527 id
517 483 767 526 adversario
809 498 889 525 suo
920 485 966 527 in
1000 485 1215 525 concione
1256 484 1402 539 palam
1432 492 1474 524 et
1505 496 1589 525 au-

262 557 484 599 dientibus
527 555 736 596 omnibus
778 555 1077 604 denuntiaret,
1126 569 1216 595 non
1256 555 1457 611 quidem,
1501 566 1589 610 quo

261 626 521 682 suffragium
561 640 583 665 a
623 626 788 680 populo
831 626 932 667 ferri
973 626 1380 681 praejudiciumque
1423 626 1477 666 de
1506 624 1592 666 isto

265 697 454 740 crimine
485 695 577 736 sieri
607 696 754 745 vellet,
786 696 864 736 sed
889 706 940 737 ut
971 694 1333 737 denunciationis
1359 711 1464 739 suae
1493 695 1594 738 uni-

262 783 416 810 versos
448 767 568 809 cives
602 776 732 807 testes
760 767 958 814 haberet,
991 775 1033 806 et
1064 777 1140 807 aut
1171 767 1366 808 favorem
1386 767 1467 810 sibi
1489 780 1592 809 con-

263 840 458 885 ciliaret,
517 847 593 878 aut
650 835 847 878 invisum
898 848 1244 892 suspectumque
1295 839 1594 881 adversarium

264 911 484 953 redderet.
548 908 593 948 ld
633 909 906 963 ἐπαγγέλλειν,
945 907 1127 963 ipsaque
1167 909 1444 951 denuntiatio
1475 912 1593 966 ἐπαγ-

264 985 376 1039 γελία
425 980 691 1026 vocabatur,
736 993 866 1033 quam
909 993 1013 1019 cum
1053 982 1277 1038 εἰσαγγελίᾳ
1313 995 1336 1020 a
1367 978 1594 1021 nonnullis

265 1051 506 1094 confusum
548 1063 664 1097 esse,
706 1051 795 1105 jam
837 1049 909 1090 alii
948 1054 1226 1100 notarunt³⁴).
1294 1052 1379 1092 Sed
1417 1051 1594 1107 proprie

263 1124 478 1179 ἐπαγγελία
510 1131 623 1169 erat,
665 1135 768 1160 cum
800 1121 895 1175 quis
926 1120 1109 1169 oratori,
1154 1121 1226 1163 cui
1257 1133 1440 1178 propter
1469 1123 1596 1178 flagi-

266 1193 426 1235 tiosam
459 1191 827 1246 inhonestamque
868 1191 1006 1233 vitam
1050 1193 1184 1233 verba
1223 1191 1269 1232 in
1301 1193 1492 1234 comitiis
1525 1192 1596 1234 fa·-

264 1279 366 1306 cere
405 1278 483 1319 per
521 1264 637 1317 leges
678 1276 769 1302 non
809 1262 980 1312 liceret,
1018 1263 1094 1302 sed
1135 1263 1209 1317 qui
1248 1273 1396 1303 tamen
1436 1263 1483 1305 id
1523 1265 1595 1319 jus

265 1348 481 1390 usurpare
521 1333 703 1384 soleret,
752 1331 1082 1373 accusationem
1130 1333 1443 1385 denuntiabat,
1492 1334 1596 1391 πρὸς

270 1407 514 1459 δοκιμασίαν
545 1409 620 1446 τοῦ
660 1406 778 1458 βίου,
816 1403 843 1445 i.
889 1418 924 1445 e.
969 1417 1056 1458 quo
1089 1414 1318 1459 cogeretur
1348 1404 1395 1445 in
1424 1405 1593 1459 judicio

270 1478 390 1519 vitae
420 1489 524 1517 suae
554 1474 770 1516 rationem
800 1475 1002 1521 reddere,
1036 1484 1103 1522 et,
1141 1474 1176 1515 si
1207 1475 1437 1516 convictus
1465 1488 1592 1525 esset,

267 1549 412 1603 ἄτιμος
429 1545 551 1588 fieret
572 1555 616 1587 et
635 1545 732 1587 foro
756 1545 1027 1602 comitioque
1056 1548 1352 1599 arceretur³³).
1411 1549 1478 1588 Eo
1501 1560 1596 1588 mo·

266 1697 383 1731 verba
408 1698 486 1739 ejus
512 1696 724 1738 declarant,
761 1695 901 1740 Opusc.
937 1694 1048 1728 Acad.
1084 1696 1146 1728 IV.
1173 1707 1209 1740 p.
1236 1700 1292 1734 ει.
1345 1696 1596 1738 „Demosthe-

267 1759 420 1801 ,‚nes‚“
454 1755 596 1801 inquit,
636 1757 728 1802 „qui
753 1757 909 1790 chorum
934 1756 1182 1798 instruxerat,
1220 1767 1240 1789 a
1265 1756 1410 1798 Mi‹11·a‚
1445 1757 1595 1791 aemulo

269 1818 336 1862 „in
358 1818 550 1851 orchestra
567 1817 702 1862 pugnis
725 1828 864 1858 caesus,
891 1823 1128 1849 accusaverat
1148 1816 1306 1851 Midiam
1324 1817 1370 1851 ad
1392 1818 1594 1862 populum;

268 1878 498 1921 „damnatur
536 1876 700 1923 ἀσεβείας
731 1876 892 1918 Midias3
927 1882 964 1909 at
995 1875 1061 1909 ille
1099 1877 1264 1920 (Midias)
1300 1878 1458 1911 alteram
1483 1878 1595 1912 actio-

272 1951 389 1983 „nem
412 1938 596 1981 instituit,
622 1937 744 1986 ᾰγυῖνα
767 1935 829 1981 τῆς
852 1934 1127 1981 ὕπο-τιμήσεως,
1157 1939 1216 1980 (ea
1240 1936 1394 1982 quidem
1425 1938 1598 1971 observa-

268 1998 349 2044 „tio
376 1999 532 2034 Libanio
557 1999 739 2040 debetur,
765 1998 805 2031 in
830 2007 972 2041 argum.
1017 1995 1093 2039 huj.
1122 1997 1194 2040 or.)
1229 2008 1306 2031 non
1331 1995 1500 2043 α’σεβείας
1530 1998 1598 2032 sed

271 2058 436 2108 „gp’pews
455 2071 494 2094 se
519 2071 627 2094 reum
653 2070 734 2093 esse
766 2057 1020 2099 contendens3
1055 2068 1115 2090 res
1140 2052 1282 2100 rejecta
1306 2057 1354 2092 ad
1377 2057 1597 2102 dicasten’a5

269 2122 339 2164 „iu
366 2121 487 2155 altero
513 2120 587 2154 hoe
610 2119 748 2163 judicio
773 2118 900 2152 habita
927 2119 1045 2153 oratio
1081 2118 1121 2151 in
1155 2117 1357 2152 Midiam.“
1408 2119 1512 2161 cujus
1547 2129 1598 2153 ne

269 2182 421 2216 initium
447 2181 599 2227 quidem
623 2180 793 2226 Heynius
817 2185 992 2213 accurate
1017 2179 1224 2224 perlegisse
1249 2179 1410 2213 videtur.

313 2252 374 2296 33)
401 2251 484 2285 Vid.
512 2249 708 2285 Demosth.
735 2248 828 2283 Mid.
856 2259 891 2293 p.
920 2258 998 2292 523.
1040 2248 1091 2281 in.
1120 2247 1168 2282 cf.
1195 2260 1231 2293 p.
1258 2257 1337 2293 5?¹·
1363 2253 1457 2282 extr.

313 2322 372 2365 34)
400 2320 481 2354 Vid.
508 2319 709 2354 Ruhnken.
736 2317 781 2352 ad
805 2317 1025 2359 Timaeum,
1052 2328 1087 2361 p.
1116 2321 1172 2361 98.
1221 2317 1280 2350 De
1306 2315 1418 2349 variis
1443 2315 1598 2363 ἐπαγγε-

267 2379 347 2416 λίας
370 2380 705 2425 significationibus
739 2379 811 2412 vid.
848 2378 997 2422 Taylor.
1036 2377 1081 2411 ad
1116 2377 1317 2412 Demosth.
1355 2388 1410 2411 or.
1437 2375 1485 2411 de
1509 2376 1594 2411 fals.

268 2440 387 2486 legat.
412 2452 447 2486 p.
474 2451 552 2485 345.
580 2452 632 2485 sq.
661 2439 700 2472 in
715 2438 844 2473 Reisk.
872 2440 1005 2482 Appar.
1035 2437 1128 2471 Crit.
1155 2438 1261 2471 Tom.
1288 2439 1318 2471 I.

314 2511 373 2553 35)
402 2511 525 2554 Ipsam
551 2508 596 2542 de
622 2508 690 2542 hac
714 2506 906 2554 ἐπαγγελίᾳ
937 2507 1082 2552 legem,
1117 2506 1162 2540 ab
1197 2505 1384 2540 Aeschine
1418 2506 1495 2540 adv.
1532 2506 1597 2540 Ti-

267 2569 406 2603 march.
422 2581 458 2615 p.
470 2581 516 2613 54
528 2589 574 2595 —
593 2568 648 2612 56.
669 2574 866 2609 servatam,
892 2579 1004 2611 supra
1023 2567 1103 2600 Lib.
1120 2568 1150 2600 Ι.
1162 2578 1241 2611 cap.
1258 2579 1306 2601 10.
1318 2578 1354 2612 p.
1370 2578 1445 2601 ιιι.
1457 2565 1597 2600 adscri-

268 2629 419 2674 psimus,
471 2631 650 2665 Ceterum
675 2641 716 2663 ex
739 2629 811 2663 ista
833 2628 873 2662 in
891 2627 1134 2664 Timarchum
1157 2627 1328 2662 oratione
1350 2625 1597 2662 Grammatici
