1706 3058
1400 76 1422 87 ‚-

1342 91 1422 124 22³

102 192 282 236 cerdote
303 189 490 231 missum
508 194 648 228 vestes
672 183 766 229 illas
787 190 959 228 sacrum
979 183 1025 227 in
1045 201 1174 228 usum
1193 186 1344 243 ali'quo
1362 194 1426 239 υ)

104 273 301 322 portasse
332 259 607 305 defenderet,
640 258 912 316 Aristogiton
945 257 1223 314 rogationem
1254 258 1307 298 ad
1337 274 1424 315 po-

104 331 260 388 pulum
295 328 415 376 tulit,
448 340 522 376 ut,
561 327 598 368 si
642 328 931 370 confiteretur
973 344 1018 370 se
1051 340 1192 370 vestes
1225 327 1320 370 illas
1351 345 1424 371 as-

102 413 321 459 portasse,
363 397 508 441 statim
550 400 822 455 suppliciunt
865 402 918 441 (le
959 414 1010 440 eo
1042 406 1312 450 sumeretur-3
1355 403 1424 444 sin

103 483 302 529 negaret,
345 470 549 528 quaestio
581 472 828 513 haberetur.
899 473 1050 526 Neque
1082 480 1231 511 tamen
1262 468 1425 527 perlata

104 556 170 587 est
202 559 251 586 ea
281 541 471 599 rogatio.
532 545 643 584 Nam
669 556 773 583 cum
803 557 949 597 neque
981 544 1425 587 Senatusconsultum

102 624 204 659 ante
245 628 293 655 ea
341 615 394 654 de
434 630 478 656 re
521 613 690 655 factum
731 623 870 665 esset,
920 624 963 654 et
1003 612 1280 655 atrocissima
1311 628 1425 659 esset

99 683 415 741 Aristogitonis
447 683 688 733 sententia,
718 683 968 740 παρανόμων
1000 694 1229 725 accusatus
1262 700 1284 727 a
1313 687 1425 732 Pha.

99 767 318 804 nostrate,
353 755 568 796 Hieroclis
600 766 740 810 patre,
785 763 828 796 et
859 755 1058 810 quinque
1089 754 1268 798 talentis
1300 772 1323 799 a
1351 763 1426 811 ju-

98 826 220 869 dicio
251 827 585 868 condemnatus.
644 831 710 868 De
739 826 946 867 Hierocle
978 826 1088 881 quid
1115 827 1308 882 populus
1340 842 1425 872 sta·

101 897 253 947 tuerit,
285 896 498 940 Libanius
521 909 868 938 commemorare
886 896 1143 951 supersedit.
1202 899 1252 939 Id
1277 910 1425 943 tamen

100 969 205 1013 satis
236 977 378 1024 patet,
410 969 591 1008 eandem
624 968 671 1008 in
703 967 772 1008 his
803 967 944 1008 causis
974 967 1127 1023 populi
1158 981 1424 1021 potestatem

99 1036 261 1087 fuisse.
304 1053 437 1095 quam
478 1038 526 1079 in
567 1043 837 1095 εἰσαγγελίαις.
883 1063 940 1070 -
1002 1041 1211 1091 Ejusdem
1251 1045 1424 1098 generis

99 1111 356 1166 exemplum
406 1120 492 1158 est,
541 1112 661 1166 quod
710 1124 734 1150 a
779 1113 1077 1151 Demosthene
1123 1119 1422 1171 narratur²⁶)‚

98 1181 421 1237 Antiphontem
451 1180 695 1237 quendam,
739 1180 816 1238 qui
853 1180 1062 1236 Philippo
1093 1183 1344 1238 recepisset,
1376 1203 1425 1231 se

98 1248 278 1296 navalia
317 1249 660 1293 Atheniensium
700 1251 1010 1304 incensurum,
1053 1258 1426 1309 comprehensum

99 1342 124 1369 a
161 1339 232 1372 se,
275 1335 379 1366 cum
418 1318 466 1364 in
505 1323 689 1365 Piraeeo
729 1321 943 1373 latitaret,
983 1333 1027 1364 et
1065 1323 1114 1363 in
1146 1327 1425 1376 'concionem

98 1397 372 1454 productum
404 1408 511 1436 esse.
571 1394 678 1434 Inde
709 1409 829 1443 cum,
858 1391 1088 1436 Aeschinis
1111 1398 1300 1441 maxime
1324 1416 1425 1458 ope-

100 1482 176 1514 ra,
207 1464 434 1506 invidiose
474 1467 826 1506 Demosthenem
867 1464 1166 1518 criminantis,
1209 1469 1424 1517 dimissus

101 1547 226 1584 esset,
258 1534 541 1591 Areopagitas
573 1551 688 1586 eum,
717 1551 764 1577 re
785 1534 978 1591 cognita,
1012 1538 1284 1592 quaesivisse
1306 1558 1425 1587 com.

100 1610 460 1665 prehensumque
498 1606 719 1658 judicibus
752 1606 1087 1662 tradidissem),
1147 1613 1247 1652 Non
1276 1615 1426 1669 potuit

101 1693 202 1720 eum
245 1679 572 1719 Demosthenes
613 1693 692 1733 per
727 1686 773 1719 se
804 1678 924 1718 solus
956 1677 1005 1718 in
1037 1681 1301 1724 concionem
1333 1695 1425 1727 tra-

99 1753 228 1797 here,
270 1749 347 1791 sed
378 1749 431 1788 ad
461 1750 671 1801 Prytanes
702 1745 824 1804 prius
855 1749 1074 1792 adducere
1112 1753 1266 1795 debuit
1294 1766 1425 1812 atque

99 1822 152 1862 ab
184 1819 239 1861 iis
269 1829 432 1875 petere,
464 1829 516 1860 ut
538 1833 583 1859 se
603 1816 819 1875 ilumque,
855 1834 986 1876 quem
1007 1825 1420 1879 comprehenderat,

98 1892 408 1948 producerent.
439 1921 442 1924 -
468 1888 546 1944 Id,
589 1888 761 1931 etiamsi
803 1905 897 1933 non
930 1892 1093 1938 diserte
1124 1894 1313 1946 dicitur,
1353 1913 1423 1940 res

98 1974 246 2005 tamen
285 1961 379 2018 ipsa
421 1973 472 2002 ac
502 1959 614 2002 ratio
647 1959 829 2004 evincit.
889 1964 1163 2022 Areopagitis
1193 1977 1344 2009 autem
1365 1967 1424 2011 ,id

147 2126 203 2169 15)
229 2125 293 2160 ἵνα
324 2126 456 2172 κομίσῃ
486 2122 580 2171 πρᾶς
611 2116 662 2161 vti
696 2118 832 2170 ιέρδν
866 2130 1158 2173 κυνηγέσιον.
1214 2129 1296 2164 Hoc
1329 2129 1422 2177 quid

99 2185 168 2227 sit,
203 2185 352 2220 nescire
384 2197 446 2220 me
471 2187 595 2220 fateor
630 2184 716 2220 cum
746 2187 922 2231 Tayloro.
978 2189 1025 2222 H.
1052 2189 1192 2223 Wolfio
1226 2192 1424 2236 proprium

101 2246 259 2289 alicujus
284 2246 356 2282 Ioci
380 2258 522 2280 nomen
547 2258 629 2281 esse
653 2246 813 2282 videtur.

148 2339 204 2381 16)
231 2339 291 2373 De
317 2338 454 2373 Coron.
484 2350 518 2383 p.
548 2346 625 2385 2551.

149 2430 205 2476 17)
231 2431 314 2465 Huc
338 2429 490 2475 respicit,
512 2425 693 2466 Dinarch.
718 2432 758 2466 in
780 2430 978 2468 Demosth.
999 2443 1034 2477 p.
1062 2438 1119 2479 98.
1152 2445 1204 2479 13.
1228 2430 1426 2483 ἕστρέβλω·

101 2503 168 2526 σαν
190 2486 424 2536 Ἀντιφῶντα
445 2495 506 2526 καὶ
533 2488 753 2529 tinent—war
772 2505 871 2529 ουτοι
891 2491 950 2536 (οἱ
971 2490 1153 2537 δικασταὶ)
1180 2495 1227 2543 τῇ
1251 2496 1312 2541 τῆς
1335 2500 1425 2541 βου-

100 2551 161 2595 λῆς
185 2548 372 2595 cinaedo-‘a
400 2553 547 2588 πεισθέι
562 2562 623 2584 εις.
