1706 3058
243 84 323 130 5ιὸ

242 202 406 235 creatos
454 205 547 236 esse
595 201 766 234 constat
811 192 1006 248 primum
1065 206 1344 252 quaestorem
1392 199 1561 256 populi,

248 268 398 318 Ταμίαν
429 279 458 306 ε.
489 263 727 316 ἐπιμελητὴν
767 269 838 316 τῆς
875 271 1020 319 κοινῆς
1047 268 1278 323 προσόδου,
1326 267 1466 310 etiam
1496 288 1560 314 τοτ-

239 338 334 388 μίαν
364 340 436 387 τῆς
457 334 696 387 διοικήσεως
725 345 803 374 aut
825 340 973 389 ταμίαν
990 343 1063 379 τοῦ
1094 337 1226 391 δήμου
1258 337 1448 389 dictum,
1482 340 1560 396 qui

238 420 317 461 per
348 403 690 458 quadriennium
733 419 919 446 munere
954 407 1248 463 fungebatur,
1295 409 1399 451 dein
1432 425 1561 466 quae-

238 487 400 517 storem
433 474 788 525 Theoricorum,
830 477 900 520 τὸν
932 479 996 520 ἐπὶ
1025 484 1105 521 τῶν
1133 485 1351 534 θεωρικῶν
1380 484 1562 538 τεταγμέ-

234 565 331 598 νον,
380 545 454 601 qui
494 558 690 601 praeerat
732 546 824 588 istis
867 547 1093 603 pecuniis,
1147 563 1259 603 quae
1304 552 1468 607 populo
1508 553 1564 593 ad

233 631 351 658 sacra
378 629 421 658 et
452 618 700 671 spectacula
731 620 1078 661 concelebranda
1109 617 1315 661 distribui
1346 624 1560 670 solebant,

235 687 428 742 denique
462 699 710 743 quaestores
754 688 1006 731 triremium
1047 703 1290 738 sacrarum,
1324 692 1477 741 ‘Parali
1517 703 1562 734 et

234 757 520 805 Salaminiae,
579 760 633 799 de
676 774 868 814 quorum
908 758 1113 801 omnium
1163 761 1425 803 muneribus
1466 777 1559 804 non

232 829 343 871 libet
373 828 652 871 Boeckhium
684 830 951 880 exscribere,
983 829 1059 886 qui
1091 831 1144 871 de
1174 830 1230 872 iis
1263 832 1562 874 eruditissime

232 915 281 941 ac
321 899 614 941 subtilissime
654 901 937 956 exposuit³⁵).
979 925 1036 935 -
1104 905 1192 943 Eos
1234 917 1440 958 quoque,
1483 903 1559 960 qui

231 972 397 1013 tributa
451 971 688 1027 (εἰσφοράς)
740 987 762 1014 a
806 971 982 1015 civibus
1030 974 1262 1027 pendenda
1320 974 1558 1031 exigerent,

229 1057 252 1084 a
282 1044 448 1098 populo
481 1056 648 1084 creatos
681 1042 847 1098 videri,
890 1057 1017 1094 supra
1048 1042 1140 1084 dixi
1155 1045 1220 1098 ²⁶).
1282 1043 1341 1085 Hi
1384 1048 1561 1102 ἕκλογεῖς

229 1112 497 1156 dicebantur
532 1125 663 1169 atque
693 1114 826 1154 iidem
860 1114 1044 1155 fortasse
1069 1126 1192 1156 erant
1211 1130 1313 1156 cum
1335 1114 1415 1163 iis,
1449 1130 1559 1171 quos

228 1188 465 1241 ἕπιγραφεῖς
496 1196 573 1225 aut
602 1189 839 1241 διαγραφεῖς
880 1183 1102 1226 dicebant.
1173 1185 1321 1226 Etiam
1361 1185 1560 1242 inquisi-

229 1267 369 1302 tores,
422 1256 615 1309 (ζητηταί)
657 1255 939 1310 magistratus
980 1255 1351 1305 extraordinarii,
1401 1271 1426 1297 a
1470 1271 1559 1313 po-

226 1328 335 1383 pulo
367 1327 640 1379 creabantur,
675 1325 750 1380 qui
784 1336 862 1366 aut
891 1324 939 1365 in
973 1324 1190 1366 debitores
1220 1325 1376 1368 aerarii
1406 1337 1481 1367 aut
1509 1327 1557 1372 in

225 1396 449 1438 maleficos
495 1396 854 1452 inquirerent²⁷),
897 1395 1094 1452 itemque
1136 1395 1343 1448 Syndici,
1385 1397 1460 1453 qui
1502 1399 1556 1439 de

224 1468 352 1510 bonis
383 1466 622 1522 publicatis
653 1466 931 1519 judicabant,
964 1480 1073 1522 quos
1105 1477 1207 1521 post
1237 1481 1436 1509 eversam
1467 1468 1554 1510 tri..

225 1540 348 1596 ginta
379 1537 583 1581 virorum
626 1537 983 1579 dominationem
1024 1537 1254 1579 institutos
1287 1553 1378 1580 esse
1407 1543 1554 1586 Isaeus

225 1611 345 1666 apud
375 1609 776 1664 Harpocrationem
808 1611 1067 1659 testatu122).
1128 1610 1300 1650 Horum
1340 1611 1554 1667 frequen-

224 1680 397 1723 tissima
449 1690 513 1720 est
563 1678 611 1719 in
674 1679 827 1733 Lysiae
887 1677 1162 1720 orationibus
1221 1679 1414 1729 menti03
1475 1685 1595 1726 sed-

223 1752 301 1809 qui
350 1751 468 1808 apud
529 1750 791 1791 Aeschinem
854 1760 988 1805 atque
1048 1752 1397 1797 Demosthenem
1457 1768 1551 1794 me-

225 1833 456 1866 morantur
507 1822 708 1876 Syndici,
769 1821 821 1864 ab
871 1819 939 1864 his
989 1821 1122 1875 longe
1173 1818 1337 1862 diversi
1367 1828 1551 1878 sunt²⁹).

270 1987 328 2031 25)
357 1983 608 2020 Staatshaush.
637 1984 670 2018 d.
698 1983 831 2018 Athen.
857 1985 965 2018 Tom.
994 1985 1020 2016 Ι.
1050 1995 1084 2027 p.
1124 1995 1195 2030 177.
1225 1982 1298 2028 196.
1335 1988 1409 2028 184.

271 2055 329 2098 26)
356 2055 436 2088 Vid.
462 2054 538 2096 huj.
574 2053 638 2087 lib.
676 2065 755 2098 cap.
790 2053 853 2086 IX.
912 2052 985 2085 Sed
1010 2058 1094 2085 sunt
1120 2052 1185 2085 alii
1210 2063 1363 2097 quoque
1395 2051 1551 2100 ἑκλογεῗς

224 2122 262 2151 et
286 2116 520 2162 ἐπιγραφάς,
547 2113 593 2147 de
618 2113 749 2158 quihus
773 2113 845 2147 vid.
873 2112 1032 2146 Boeckh.
1060 2125 1094 2157 p.
1124 2112 1196 2150 163.
1222 2122 1301 2157 559.

270 2185 327 2231 27)
355 2183 632 2218 Hudtwalcker.
660 2183 706 2217 de
730 2182 895 2217 Diaetet.
922 2194 959 2226 p„
983 2188 1038 2226 53.
1066 2188 1104 2216 et
1124 2181 1187 2227 qni
1212 2181 1264 2214 ibi
1288 2180 1500 2215 laudantur.

271 2253 332 2299 28)
359 2254 582 2298 Harpocran
606 2252 645 2285 in
669 2249 862 2293 Σῦνὸικοι,
897 2257 934 2284 et
966 2250 1019 2285 ibi
1044 2250 1222 2285 Valesius.
1260 2249 1309 2283 cf.
1345 2248 1472 2294 Sigon.
1499 2248 1547 2285 de

226 2314 319 2358 Rep.
347 2311 432 2351 Ath-
460 2314 521 2346 IV.
549 2324 581 2357 3.
609 2323 645 2357 p.
672 2311 747 2350 618.

269 2384 327 2427 29)
355 2382 404 2415 Hi
437 2381 539 2416 enirn
563 2381 656 2414 nihil
690 2379 792 2414 aliud
815 2386 921 2421 sunt,
959 2391 1072 2426 quam
1105 2375 1313 2426 συνήγοροι,
1349 2390 1544 2414 causarum

222 2443 395 2488 patroni,
421 2441 477 2475 illi
503 2448 628 2475 autem
651 2440 792 2484 judices
824 2447 920 2474 sunt.
980 2439 1241 2474 Confuderunt
1273 2446 1453 2486 utrosque
1476 2441 1543 2474 Pe-

225 2505 338 2545 titus,
366 2504 483 2547 Legg.
510 2503 582 2535 ΑΜ.
617 2513 652 2546 p.
690 2501 766 2546 536.
802 2512 880 2549 337.
917 2506 954 2534 et
985 2501 1038 2534 ibi
1072 2501 1320 2545 Wesseling.;
1368 2501 1545 2536 distinxe-

222 2571 309 2598 runt
335 2563 528 2607 Sigonius,
562 2562 586 2595 1.
612 2562 636 2594 l.
664 2568 701 2595 et
725 2574 755 2595 c.
793 2561 823 2595 6.
861 2573 895 2605 p.
923 2562 1001 2606 653.
1039 2568 1077 2596 et
1108 2561 1316 2605 Heraldus,
1350 2561 1540 2596 Animadv-

226 2625 264 2658 in
290 2624 443 2659 Salmas.
469 2624 540 2658 111.
567 2633 647 2668 cap,
677 2634 726 2658 ιο.
762 2622 795 2667 §.
835 2633 884 2667 ¹3·
912 2629 950 2658 et
975 2634 1024 2667 η..

1694 2228 1706 2319 3

1684 2375 1706 2818 i
