1706 3058
1363 93 1443 150 247

111 203 300 258 Apparet
322 208 472 240 autem
491 194 650 247 cnivis,
683 199 881 256 egregrie
904 198 1178 241 conveniens
1201 200 1286 241 hoc
1308 198 1443 241 insti-

108 281 259 312 tutum
279 268 415 310 fuisse
437 267 478 309 ei
502 267 708 323 tempori,
733 285 837 313 cum
856 270 979 327 gravi
1000 271 1303 327 experimento
1324 270 1440 312 didi-

105 341 266 384 cissent
295 339 612 392 Athenienses,
646 349 918 394 quantopere
949 340 1177 383 timendae
1211 354 1356 385 essen-t
1387 343 1441 385 in

104 411 310 469 populari
329 411 551 468 republica
571 408 708 451 unius
732 409 930 452 hominis
956 412 1127 454 nimiae
1154 428 1275 468 opes.
1314 415 1435 456 Ideo-

103 499 192 541 que
221 483 331 524 illud
361 495 538 538 quoque
567 479 660 522 veri
689 480 973 529 simillimum
1006 494 1094 531 est,
1129 486 1247 538 quod
1278 500 1301 526 a
1333 484 1465 542 qui-2·

104 556 291 596 busdam
324 553 525 601 traditur,
557 551 757 607 primum
784 553 1058 595 Ostracismo
1088 557 1436 600 exterminatum

100 639 193 668 esse
205 623 513 681 Hipparchum
534 622 716 666 Charmi
741 622 902 673 filium,
933 623 1152 667 Pisistrati
1174 638 1429 683 cognatum,

98 707 143 739 et
181 706 360 752 propter
401 698 489 737 hoc
535 696 706 751 populo
755 700 1105 751 suspectum¹⁴);
1158 712 1431 754 quamquam

96 767 173 809 alii
212 765 489 809 Clisthenem
526 765 675 822 ipsum
717 765 928 808 inventae
968 782 996 808 a
1036 783 1082 809 se
1121 767 1185 813 rei
1226 768 1427 824 primum

96 843 220 882 huuc
261 839 462 880 fructum
501 836 657 879 tulisse
707 839 879 880 volunt.
953 841 1069 880 Illud
1120 850 1267 880 autem
1309 840 1426 880 inter

96 924 251 953 omnes
281 917 477 955 constat,
509 919 611 963 post
640 911 972 965 Hyperbolum,
1003 909 1238 951 hominem
1268 910 1424 965 impu—

91 995 194 1023 rum
224 991 355 1035 atque
385 989 688 1031 contemtum,
721 986 847 1032 cujus
879 981 1146 1037 contagione
1178 981 1301 1036 quasi
1327 983 1422 1036 pol-

90 1053 184 1093 luta
214 1048 448 1091 videbatur
480 1049 739 1092 Ostracismi
771 1051 988 1108 dignitaS,
1029 1051 1258 1093 neminem
1288 1053 1420 1092 Athe-

89 1122 158 1163 nis
197 1119 285 1161 isto
328 1118 465 1162 exilio
507 1121 718 1163 affectum
760 1137 864 1163 esse.
943 1126 1100 1178 Neque
1151 1122 1422 1165 exstiterunt,

89 1194 182 1235 fere
198 1202 298 1249 post
317 1190 431 1231 illud
462 1202 816 1247 tempus.tantae
839 1193 1118 1249 privatorum
1152 1209 1269 1249 opes,
1302 1209 1416 1250 quae

87 1262 340 1320 periculum
371 1261 566 1306 libertati
598 1264 752 1306 afferre
780 1279 908 1321 posse
939 1264 1224 1317 viderentur3
1267 1277 1419 1321 atque,-

86 1333 126 1376 si
157 1345 305 1375 tamen
335 1343 480 1381 erant,
522 1334 602 1390 qui
643 1349 780 1377 novas
815 1350 883 1376 res
916 1333 1202 1383 molirentur,
1246 1348 1288 1378 et
1326 1351 1412 1393 op-

84 1404 343 1461 primendae
372 1403 586 1446 libertatis
618 1405 804 1447 consilia
835 1404 1076 1462 agitarent,
1107 1406 1408 1462 reprimendo-

84 1492 187 1519 rum
218 1474 438 1531 ejusmodi
479 1487 720 1517 conatuum
760 1478 928 1517 multae
970 1476 1078 1518 aliae
1120 1489 1244 1519 erant
1282 1478 1408 1531 viae3

84 1561 174 1605 quo
205 1545 380 1588 facilius
403 1545 674 1589 ostracismo
707 1561 852 1597 carere
881 1548 1131 1604 respublica
1146 1559 1332 1604 poterat.
1351 1573 1408 1588 -.-÷·

82 1713 326 1759 Quamquam
339 1711 437 1756 apud
447 1711 690 1747 Heraclidem
699 1723 850 1758 quoque
859 1713 1060 1753 Ponticum
1068 1725 1145 1747 non
1157 1714 1405 1757 Clisthenem,

79 1760 147 1808 sed
171 1771 360 1816 Hippiam,
395 1771 579 1805 Pisistrati
612 1772 736 1807 silium
761 1779 797 1806 et
821 1774 966 1817 patriae
989 1775 1196 1818 tyrannidis
1222 1775 1405 1813 heredem

80 1832 303 1872 Ostracismi
327 1838 521 1866 auctorem
551 1832 666 1868 fuisse
705 1834 878 1878 legimus.
936 1835 1030 1868 Sunt
1052 1842 1180 1869 autem
1205 1836 1269 1880 qui
1293 1836 1405 1872 illum

76 1893 204 1928 locum
224 1899 443 1937 corruptum
466 1899 619 1937 putent3
646 1899 826 1936 attamen,
851 1899 893 1927 ut
913 1906 1024 1928 sanus
1048 1895 1104 1936 sit,
1132 1907 1275 1929 errasse
1285 1897 1405 1930 Hera-

77 1953 218 1987 clidem
242 1964 309 1986 cur
331 1964 408 1986 non
432 1953 635 1986 audeamus
660 1954 845 1988 credere?
879 1956 982 1997 cujus
1010 1957 1147 1989 erroris
1173 1968 1282 1990 causa
1306 1957 1403 1991 haec

74 2013 247 2048 fortassis
273 2013 366 2056 fuit,
393 2012 494 2058 quod
517 2013 562 2046 ab
587 2013 725 2058 Hippia
750 2025 900 2060 quoque
930 2016 1090 2058 multos,
1125 2028 1285 2062 quorum
1310 2030 1401 2063 opes

77 2081 189 2122 atque
211 2074 333 2120 gratia
351 2075 388 2108 ei
405 2079 599 2118 suspectae
620 2081 757 2117 essent,
781 2074 986 2111 inexilium
1010 2083 1111 2111 actos
1135 2089 1218 2112 esse
1241 2079 1398 2124 legerat.

76 2137 212 2181 Neque
237 2135 340 2169 enim
364 2135 486 2172 minus
510 2134 679 2180 tyrannis
701 2134 772 2169 ista
794 2137 1000 2171 metuenda
1010 2144 1109 2180 sunt,
1136 2151 1248 2184 quam
1267 2141 1399 2175 liberis

76 2197 297 2231 civitatibus.
332 2195 405 2230 vid.
439 2195 589 2229 Aristot.
632 2195 747 2237 Polit,
787 2198 858 2231 III.
895 2209 973 2242 cap.
1023 2210 1076 2242 14.
1109 2225 1114 2229 ⁴
1149 2200 1223 2234 Sed
1257 2202 1398 2246 populo

75 2256 181 2290 illam
204 2262 630 2302 potestatematyranno
652 2255 774 2290 datam
792 2268 873 2292 esse
895 2259 976 2304 quis
987 2259 1192 2294 credat?—
1219 2263 1398 2303 Ceterum

76 2328 208 2354 eorum
232 2317 450 2360 sententias,
476 2317 539 2362 qui
563 2328 584 2349 a
605 2316 742 2350 Thesei
764 2317 852 2352 inde
874 2319 1105 2363 temporibus
1131 2321 1224 2355 illud
1247 2323 1399 2357 institu—

75 2384 157 2412 tum
180 2384 380 2424 repetunt,
416 2378 598 2412 refellere
623 2377 718 2412 nihil
740 2380 887 2414 attinet.
935 2381 996 2414 De
1019 2381 1175 2425 Lysonis
1200 2370 1327 2417 autem
1351 2383 1398 2416 fi-

16 2428 22 2432 ⁷
74 2438 150 2480 lio,
175 2438 334 2481 Achille,
360 2439 424 2485 qui
449 2445 487 2473 et
510 2439 591 2483 ipse
611 2439 833 2474 Ostraeismi
851 2446 983 2474 auctor
1005 2440 1122 2475 fuisse
1145 2441 1294 2487 dicitur,
1319 2442 1395 2479 vid.

75 2499 336 2533 Hemsterhus.
363 2498 410 2533 ad
434 2499 621 2544 Aristoph.
648 2500 746 2535 Plut.
772 2513 805 2535 v.
834 2502 912 2548 627.

122 2569 179 2612 14)
206 2567 363 2603 Diodor.
397 2568 472 2604 sic,
507 2569 572 2603 XI.
606 2573 662 2616 87.
687 2570 874 2605 Plutarch.
900 2570 963 2604 vit.
998 2571 1138 2606 Niciae.
1165 2583 1197 2606 c.
1228 2582 1275 2605 ιτ.
1301 2572 1395 2608 Har-

77 2634 218 2673 pocrat.
245 2628 269 2663 1.
296 2629 322 2662 l.
