1706 3058
1352 68 1436 116 265

111 187 284 235 praeter
312 175 567 232 legitimum
609 187 783 231 tempus
820 175 1127 232 propositurus
1168 177 1328 226 fuisse,
1374 179 1438 221 si-

42 294 49 303 Ἴ
112 247 295 306 quidem
330 264 382 290 ex
413 263 461 290 ea
483 262 527 288 re
547 249 647 303 plus
682 247 831 288 damni
865 262 995 303 quam
1027 249 1260 290 commodi
1291 249 1339 291 in
1361 266 1437 293 eos

107 321 409 362 redundasset.
481 322 636 374 Neque
668 330 760 360 erat
799 330 922 365 tum,
963 322 1084 376 quod
1114 324 1437 364 Demosthenes

108 395 205 443 jure
233 391 596 447 reprehenderet,
637 399 845 445 tanquam
878 391 1071 441 pessimo
1102 392 1284 448 publico
1316 394 1437 435 insti-

108 473 272 504 tutum.
331 465 485 517 Itaque
516 460 629 502 illud
662 459 772 501 mihi
803 460 950 503 verius
983 461 1185 513 videtur,
1225 465 1437 507 effectum

109 548 201 575 esse
231 531 464 589 paullatim
496 536 859 589 Demagogorum
889 532 1079 587 artibus,
1118 545 1193 583 ut,
1234 537 1436 592 neglecto

106 615 254 658 vetere
301 602 482 652 Solonis
530 601 770 657 instituto,
820 618 965 645 novae
1013 619 1141 661 saepe
1190 607 1307 663 leges
1346 623 1438 650 non

106 689 130 715 a
162 673 449 716 Nomothetis
487 676 564 715 sed
602 673 650 714 in
691 674 888 717 comitiis
930 678 982 717 ab
1017 675 1230 719 universo
1270 681 1437 735 populo

104 748 382 798 juberentur.
442 747 508 786 Ita
541 755 584 786 et
613 745 652 785 si
683 760 793 802 opus
825 758 934 796 erat,
968 747 1116 789 subito
1141 748 1312 805 aliquid
1343 767 1440 807 per-

105 817 219 858 ferre
256 828 486 872 poterant,
532 827 577 859 et
616 818 820 873 augenda
859 817 1013 874 populi
1052 830 1273 875 potestate
1311 835 1438 863 suam

106 887 306 944 ipsorum
336 889 587 944 potentiam
619 891 864 945 augebant;
897 901 1028 946 atquc
1060 893 1147 932 hoc
1179 903 1266 941 est,
1313 897 1437 949 quod

103 957 363 1000 Aristotele&
396 959 587 1011 dicit³⁶):
628 965 767 1004 Αἴτιοι
797 964 839 1003 δέ
878 965 954 1004 εἶσι
984 970 1057 1006 τοῦ
1087 963 1191 1006 εἶναι
1227 966 1274 1007 τά
1304 970 1436 1020 ψηφί-

105 1045 233 1085 σματα
261 1029 405 1086 κύρια,
438 1029 538 1073 ἀλλὰ
579 1032 634 1086 μή
665 1032 762 1082 τούς
790 1033 945 1086 νόμους
976 1027 1112 1087 οὗτοι,
1152 1038 1213 1088 (οἱ
1251 1038 1436 1092 δημαγω-

106 1101 188 1157 γοὶ)
219 1101 350 1144 πάντα
379 1100 602 1158 ἀνάγοντες
633 1108 690 1154 εἰς
712 1103 789 1154 ,τὸν
824 1108 967 1157 δῆμον.
1001 1108 1216 1159 συμβαίνει
1254 1107 1330 1163 γὰρ
1364 1107 1435 1151 αὕ-

106 1181 190 1224 rozs-
227 1177 414 1232 γίνεσθαι
455 1173 668 1230 μεγάλοις,
716 1175 784 1218 διὰ
821 1175 887 1227 τὸ,
939 1174 1008 1218 τὸν
1049 1177 1120 1230 μὲν
1158 1178 1292 1231 δῆμον
1331 1179 1436 1223 εἶναι

105 1244 271 1301 κύριον,
301 1251 374 1300 τῆς
401 1246 443 1289 δὲ
473 1251 549 1287 τοῦ
580 1245 711 1300 δήμου
743 1245 882 1299 δόξης,
915 1244 1106 1296 τούτους·
1136 1251 1325 1292 πείθεται
1354 1253 1432 1309 γὰρ

104 1317 148 1360 τὰ
178 1323 342 1372 πλῆθος
370 1316 544 1365 τούτοις.
603 1314 906 1372 Psephismata
937 1326 1086 1357 autem
1126 1320 1170 1360 h.
1201 1322 1231 1362 l.
1264 1323 1434 1367 Aristo-

104 1388 182 1429 teli
211 1399 317 1430 suut
346 1401 638 1445 quaecuuque
667 1385 825 1442 populi
857 1387 1053 1435 decreta,
1097 1403 1190 1431 non
1231 1391 1434 1450 singula-

105 1461 170 1501 ria
212 1462 382 1508 solum,
425 1460 501 1501 sed
544 1458 680 1500 etiam
710 1457 952 1514 generalia,
996 1473 1106 1514 quae
1146 1463 1296 1520 legum
1326 1482 1433 1522 pro„

103 1532 200 1587 prie
237 1531 458 1574 dictarum
499 1529 594 1573 vim
633 1528 878 1585 habent³⁷):
930 1528 1052 1584 νόμοι
1092 1544 1244 1578 autem
1283 1550 1432 1581 vetera

103 1602 404 1660 legislatorum
437 1602 656 1644 instituta.

185 1677 426 1716 Auctorem
468 1684 617 1715 autem
652 1674 784 1724 hujus
826 1674 1199 1720 Nomothetarum
1231 1679 1431 1726 instituti

99 1747 309 1792 Solonem
341 1744 503 1793 fuisse,
548 1742 754 1785 dubitare
792 1759 875 1786 nos
904 1760 995 1788 non
1026 1746 1138 1790 sinit
1167 1754 1434 1797 Demosthe-

103 1817 174 1858 nis
205 1828 335 1873 atque
365 1814 598 1858 Aeschinis
640 1816 904 1873 auctoritas,
945 1819 1047 1875 qui,
1089 1821 1157 1863 his
1203 1824 1256 1865 de
1300 1828 1431 1869 rebus

97 1891 355 1944 loquentes,
405 1898 480 1928 aut
529 1886 690 1928 diserte
728 1888 966 1932 nominant
1008 1891 1159 1945 illum,
1208 1906 1284 1935 aut
1328 1901 1431 1939 satis

103 1969 252 2014 aperte
303 1957 515 1999 indicant.
590 1960 654 1999 Ita
701 1975 745 2001 v.
797 1975 833 2002 c.
873 1961 924 2003 in
970 1963 1173 2006 oratione
1222 1968 1431 2011 adversus

101 2028 398 2085 Leptinem³⁸)
437 2029 786 2082 Demosthenes,
816 2033 997 2076 recitata
1028 2037 1149 2092 lege,
1181 2041 1428 2081 secundum

104 2115 237 2156 quam
269 2102 572 2154 ἐνομοθέτησαν
611 2104 652 2144 οἱ
678 2104 878 2161 πρότερον
912 2107 1230 2165 Νομοθέται39),
1263 2109 1325 2151 ita
1355 2116 1430 2165 ju-

147 2226 207 2270 56)
234 2225 381 2260 Politic.
431 2227 513 2261 Lib.
540 2229 602 2262 IV.
626 2240 704 2275 cap.
730 2243 765 2275 4..
792 2232 840 2266 ad
863 2232 930 2266 fin.

148 2299 207 2341 57)
235 2295 294 2329 Cf.
320 2307 432 2340 supra
455 2302 533 2331 not.
563 2310 592 2332 1.
620 2299 666 2333 ad
704 2292 813 2344 hujus
847 2300 980 2346 capitis
1003 2302 1245 2348 principium.

151 2365 210 2408 38)
238 2366 325 2409 Pag.
352 2371 431 2409 485.
457 2366 503 2399 R.
532 2367 564 2411 ξ.
594 2378 649 2414 75.
677 2368 793 2404 Wolf.
823 2370 1003 2404 Conferri
1025 2377 1150 2416 potest
1174 2373 1280 2408 locus
1306 2378 1426 2420 proxi»

103 2435 165 2458 me
189 2425 441 2469 praecedens,
477 2438 512 2471 p.
540 2432 620 2472 484.
647 2429 684 2473 §.
708 2441 764 2475 73.

146 2493 205 2538 39)
240 2494 424 2528 Monendi
458 2502 543 2529 sunt
575 2497 761 2541 lectores,
804 2500 940 2534 harum
979 2512 1110 2536 rerum
1144 2504 1267 2538 minus
1301 2508 1426 2550 periti,

102 2554 420 2599 quemadmodum
446 2557 552 2591 verbi
584 2560 803 2603 νομοθετεῖν
837 2561 939 2595 varia
961 2561 1034 2596 fuit
1059 2564 1134 2606 vis,
1166 2571 1207 2597 ut
1239 2565 1427 2602 diceretur

103 2614 149 2648 de
176 2615 317 2650 civibus
333 2641 342 2659 ,
376 2628 559 2653 nevarum
584 2618 712 2664 legum
736 2620 941 2666 latoribus,
977 2623 1053 2658 sive
1088 2624 1147 2659 illi
1172 2625 1305 2671 privati
1342 2629 1426 2666 sint.
