1706 3058
1333 121 1410 167 145

86 225 215 282 quie,
255 226 395 267 veiuti
426 226 627 267 muneris
659 226 849 284 indigne
879 229 991 286 gesti
1023 245 1149 280 reus,
1181 232 1234 272 ab
1260 232 1409 287 aliquo

84 298 154 336 vel
197 300 467 351 sycophanta
508 298 578 338 vel
618 297 751 340 etiam
789 302 980 342 honesto
1023 302 1122 344 cive
1151 293 1413 358 publicique

81 366 189 407 boni
230 367 430 409 studioso
473 370 666 417 delatus,
706 369 754 410 in
798 371 869 411 illa
913 375 1184 415 Archontum
1218 378 1411 431 ἐπιχειρο-

81 443 217 497 τονίᾳ,
250 454 360 494 quae
392 439 575 495 singulis
607 440 826 490 Prytaniis
859 440 1040 485 institui
1081 447 1272 494 solebat,
1305 463 1413 488 mu-

81 524 187 552 nere
228 511 429 551 abdicare
480 524 736 567 cogeretur,
791 525 844 563 ut,
889 513 952 555 ini
1003 515 1187 570 proinde
1233 521 1410 559 Archon

82 582 196 624 alius
237 583 530 625 sufficeretur.
597 586 775 625 Poterat
823 585 934 625 illud
983 600 1162 641 quoque
1214 587 1410 644 evenire,

80 661 132 697 u't
162 657 337 697 Archon
370 656 439 696 vel
481 658 636 696 morbo
677 657 747 696 vel
780 655 860 697 alia
894 671 1022 699 causa
1056 672 1148 698 non
1181 657 1226 698 iu
1263 671 1411 700 totum

79 738 273 775 annum,
326 728 402 767 sed
443 726 490 767 in
532 726 713 782 aliquod
756 738 955 783 tempus,
1007 744 1028 770 a
1071 744 1252 771 munere
1304 731 1410 772 fun-

78 799 224 855 gendo
261 797 571 852 impediretur,
605 797 798 854 ideoque
833 799 878 840 in
913 800 1020 842 illud
1054 812 1228 856 tempus
1261 803 1410 845 tantis-

76 885 158 926 per
189 869 299 911 alius
333 869 699 917 substitueretur,
742 869 818 925 qui
859 870 979 912 illius
1021 872 1167 913 vicem
1201 876 1408 928 expleret,

78 953 122 982 et
155 945 282 991 cujus
315 955 479 981 nomen
511 940 682 981 tamdiu
723 940 916 996 publicis
947 943 1108 984 tabulis
1140 946 1412 986 adscribere-

76 1023 171 1060 tur,
205 1014 347 1053 donec
380 1010 454 1051 ine
484 1012 607 1067 prior
638 1026 788 1052 rursus
824 1028 1009 1055 munere
1039 1030 1120 1057 suo
1152 1015 1279 1071 fungi
1311 1031 1410 1072 pos-

77 1094 159 1126 set.
203 1106 258 1116 —-
321 1083 602 1138 Quamquam
643 1082 876 1124 fatendum
917 1096 1006 1135 est,
1052 1086 1300 1128 etiamnum
1340 1103 1411 1129 re-

75 1165 190 1211 stare
230 1153 542 1206 difficultates,
595 1153 754 1210 quibus
797 1154 959 1198 merito
1001 1157 1098 1213 quis
1139 1160 1404 1202 offendatur.

75 1229 191 1270 Nam
223 1240 327 1268 sane
357 1224 604 1281 permirum
635 1224 749 1266 illud
782 1226 928 1267 videri
961 1230 1112 1282 debet,
1152 1240 1240 1270 tam
1278 1245 1408 1286 saepe

76 1297 301 1351 evenisse,
341 1309 392 1339 ut
434 1301 694 1352 Eponymus
735 1299 917 1340 Archon
953 1312 1053 1342 ante
1091 1313 1269 1357 tempus
1309 1317 1410 1343 ma-

75 1369 264 1427 gistratu
295 1370 546 1417 decederet,
589 1380 640 1410 ut
679 1384 770 1411 non
810 1372 955 1411 solum
995 1368 1042 1411 in
1075 1372 1284 1414 omnibus
1317 1373 1407 1415 illis

74 1441 418 1497 Psephismatis‚
459 1455 569 1496 quae
599 1452 704 1480 sunt
734 1441 966 1488 undecim,
1008 1453 1084 1482 aut
1115 1441 1152 1496 si
1185 1442 1258 1485 illa
1291 1459 1406 1501 quo-

76 1528 160 1569 que
192 1514 245 1554 de
286 1510 561 1553 Mnesithide
604 1523 648 1552 et
686 1512 943 1553 Chaeronda
985 1513 1103 1567 apud
1141 1517 1408 1569 Demos-the-

73 1599 179 1626 nem
210 1595 344 1640 atque
376 1581 632 1624 Aeschinem
665 1598 885 1632 numeres,
919 1583 1146 1631 tredecim.
1179 1599 1289 1641 quae
1313 1601 1406 1628 orn-

72 1656 147 1697 nia
177 1654 340 1712 viginti
371 1668 589 1695 annorum
614 1653 758 1709 spatio
790 1652 953 1709 scripta
983 1666 1104 1702 sunt,
1138 1657 1191 1696 ab
1225 1658 1404 1713 olymp.

74 1729 163 1770 CV.
195 1726 235 1770 5,
267 1727 322 1767 ad
363 1728 451 1770 CX.
484 1725 552 1778 5.,
588 1724 877 1766 suffectorum
911 1728 1188 1768 Archontum
1219 1728 1406 1769 nomina

73 1797 293 1853 adscripta
324 1796 435 1845 sint,
465 1799 543 1838 sed
563 1795 698 1839 etiam
719 1807 770 1838 ut
799 1795 913 1837 illud
943 1796 1009 1838 bis
1040 1809 1117 1840 aut
1148 1802 1278 1854 ter⁴²)
1311 1814 1403 1841 uno

117 1931 177 1976 42)
211 1931 298 1964 Non
334 1929 552 1976 quinquie5‚
587 1936 629 1964 ut
653 1929 846 1964 Corsinius
877 1930 978 1973 vult,
1015 1932 1120 1974 cujus
1145 1931 1250 1978 *haec
1275 1939 1332 1968 est
1357 1933 1404 1968 de

71 1992 181 2035 hujus
206 1991 316 2032 anni,
344 1991 406 2024 Ol.
437 1992 512 2024 CX.
540 2003 572 2025 2.
598 1991 851 2025 Archontihus
875 1993 1075 2028 sententia.

122 2055 157 2095 1)
182 2051 485 2096 Lysimachides,
517 2051 558 2084 in
590 2052 718 2086 Fastis.

76 2129 78 2131 ·
117 2114 153 2157 2)
179 2113 407 2158 Euffiycles,
440 2113 688 2157 Pyanepsion,
725 2113 926 2149 d.22.1·n
957 2114 1165 2160 Psephism.
1200 2129 1258 2164 ap.
1284 2119 1398 2156 Dem.

164 2173 211 2208 de
236 2175 322 2208 Cor.
350 2185 386 2218 p.
415 2173 494 2207 266.

115 2236 153 2281 3)
181 2234 761 2280 Chaerondas‚E1aphebol.d.
788 2238 821 2271 6.
847 2237 887 2271 in
911 2238 1106 2274 Aeschinis
1130 2240 1274 2277 libello.
1305 2243 1395 2279 ibid.

191 2323 199 2331 .
226 2309 245 2330 2
297 2322 304 2329 .

116 2308 441 2402 4)PHe;¹·o5pythus,
475 2356 696 2401 Elaphebol.
724 2358 759 2393 d.
786 2368 841 2404 25.
877 2365 915 2393 et
947 2359 1131 2405 Munych.
1158 2361 1193 2396 d.
1222 2375 1276 2408 29.
1302 2363 1394 2398 ibid.

159 2430 196 2463 p.
234 2423 310 2456 182-

112 2481 151 2524 5)
176 2480 383 2514 Nausicles.
409 2479 670 2524 Scirrhophor.
706 2480 742 2515 d.
781 2482 833 2516 16.
860 2480 950 2515 ibid.
976 2493 1011 2526 p.
1041 2486 1118 2521 188.

115 2539 153 2584 6)
190 2540 495 2585 Lysimachides,
529 2540 576 2574 ad
600 2540 718 2575 finem
744 2541 1106 2586 Scirrhophorionis.
1168 2543 1266 2577 Nam
1308 2556 1395 2578 cum

161 2600 366 2645 Dionysius
402 2602 554 2644 doceat,
595 2601 880 2636 Atheniensium
915 2603 1083 2647 legatos,
1129 2613 1221 2648 quos
1253 2605 1395 2638 Demo-

161 2661 312 2696 sthenes
335 2663 540 2698 mittendos
566 2670 764 2698 censuerat
789 2664 823 2698 d.
853 2665 906 2698 16.
935 2663 1198 2711 Scirrhophor.
1225 2665 1392 2709 Lysima-
