<?xml version="1.0" encoding="UTF-8"?>
<!DOCTYPE html PUBLIC "-//W3C//DTD XHTML 1.0 Transitional//EN"
    "http://www.w3.org/TR/xhtml1/DTD/xhtml1-transitional.dtd">
<html xmlns="http://www.w3.org/1999/xhtml" xml:lang="en" lang="en">
 <head>
  <title>
</title>
<meta http-equiv="Content-Type" content="text/html;charset=utf-8" />
  <meta name='ocr-system' content='tesseract 3.04.00' />
  <meta name='ocr-capabilities' content='ocr_page ocr_carea ocr_par ocr_line ocrx_word'/>
</head>
<body>
  <div class='ocr_page' id='page_1' title='image "./decomitiisatheni00sch_0325.png"; bbox 0 0 1706 3058; ppageno 0'>
   <div class='ocr_carea' id='block_1_1' title="bbox 1320 86 1403 137">
    <p class='ocr_par' dir='ltr' id='par_1_1' title="bbox 1320 86 1403 137">
     <span class='ocr_line' id='line_1_1' title="bbox 1320 86 1403 137; baseline 0 -17"><span class='ocrx_word' id='word_1_1' title='bbox 1320 86 1403 137; x_wconf 82' lang='lat'>239</span> 
     </span>
    </p>
   </div>
   <div class='ocr_carea' id='block_1_2' title="bbox 23 182 1405 1312">
    <p class='ocr_par' dir='ltr' id='par_1_2' title="bbox 23 182 1405 670">
     <span class='ocr_line' id='line_1_2' title="bbox 81 182 1405 241; baseline -0.003 -11"><span class='ocrx_word' id='word_1_2' title='bbox 81 189 156 231; x_wconf 88' lang='lat' dir='ltr'>nia</span> <span class='ocrx_word' id='word_1_3' title='bbox 187 187 235 228; x_wconf 87' lang='lat' dir='ltr'>in</span> <span class='ocrx_word' id='word_1_4' title='bbox 265 187 431 229; x_wconf 82' lang='lat' dir='ltr'>Senatu</span> <span class='ocrx_word' id='word_1_5' title='bbox 463 195 539 225; x_wconf 91' lang='lat' dir='ltr'>aut</span> <span class='ocrx_word' id='word_1_6' title='bbox 575 185 624 226; x_wconf 88' lang='lat' dir='ltr'>in</span> <span class='ocrx_word' id='word_1_7' title='bbox 666 182 858 225; x_wconf 85' lang='lat' dir='ltr'>comitiis</span> <span class='ocrx_word' id='word_1_8' title='bbox 890 182 1197 226; x_wconf 74' lang='lat' dir='ltr'>remissionem</span> <span class='ocrx_word' id='word_1_9' title='bbox 1227 186 1405 241; x_wconf 84' lang='lat' dir='ltr'>suppli-</span> 
     </span>
     <span class='ocr_line' id='line_1_3' title="bbox 80 254 1405 315; baseline -0.002 -13"><span class='ocrx_word' id='word_1_10' title='bbox 80 269 242 311; x_wconf 80' lang='lat' dir='ltr'>casset,</span> <span class='ocrx_word' id='word_1_11' title='bbox 290 257 384 299; x_wconf 86' lang='lat' dir='ltr'>sive</span> <span class='ocrx_word' id='word_1_12' title='bbox 427 255 602 298; x_wconf 88' lang='lat' dir='ltr'>debitor</span> <span class='ocrx_word' id='word_1_13' title='bbox 639 254 753 311; x_wconf 83' lang='lat' dir='ltr'>ipse:</span> <span class='ocrx_word' id='word_1_14' title='bbox 793 270 961 298; x_wconf 88' lang='lat' dir='ltr'>nomen</span> <span class='ocrx_word' id='word_1_15' title='bbox 993 260 1086 308; x_wconf 86' lang='lat' dir='ltr'>ejus</span> <span class='ocrx_word' id='word_1_16' title='bbox 1117 258 1276 299; x_wconf 85' lang='lat' dir='ltr'>deferri</span> <span class='ocrx_word' id='word_1_17' title='bbox 1306 264 1405 315; x_wconf 84' lang='lat' dir='ltr'>(pet</span> 
     </span>
     <span class='ocr_line' id='line_1_4' title="bbox 80 328 1403 385; baseline -0.002 -11"><span class='ocrx_word' id='word_1_18' title='bbox 80 333 268 382; x_wconf 72' lang='grc' dir='ltr'>ἔνδειξιν)</span> <span class='ocrx_word' id='word_1_19' title='bbox 300 333 419 385; x_wconf 82' lang='lat' dir='ltr'>leges</span> <span class='ocrx_word' id='word_1_20' title='bbox 436 333 673 381; x_wconf 83' lang='lat' dir='ltr'>jusserunt,</span> <span class='ocrx_word' id='word_1_21' title='bbox 706 328 1086 383; x_wconf 87' lang='lat' dir='ltr'>quemadmodum</span> <span class='ocrx_word' id='word_1_22' title='bbox 1111 342 1278 380; x_wconf 86' lang='lat' dir='ltr'>eorum,</span> <span class='ocrx_word' id='word_1_23' title='bbox 1310 330 1403 384; x_wconf 86' lang='lat' dir='ltr'>qui,</span> 
     </span>
     <span class='ocr_line' id='line_1_5' title="bbox 81 398 1404 458; baseline -0.001 -15"><span class='ocrx_word' id='word_1_24' title='bbox 81 416 184 443; x_wconf 89' lang='lat' dir='ltr'>cum</span> <span class='ocrx_word' id='word_1_25' title='bbox 225 402 393 458; x_wconf 83' lang='lat' dir='ltr'>populo</span> <span class='ocrx_word' id='word_1_26' title='bbox 445 399 678 446; x_wconf 87' lang='lat' dir='ltr'>deberent,</span> <span class='ocrx_word' id='word_1_27' title='bbox 727 398 897 450; x_wconf 90' lang='lat' dir='ltr'>judices</span> <span class='ocrx_word' id='word_1_28' title='bbox 942 398 1048 439; x_wconf 83' lang='lat' dir='ltr'>facti</span> <span class='ocrx_word' id='word_1_29' title='bbox 1089 411 1256 448; x_wconf 86' lang='lat' dir='ltr'>essent;</span> <span class='ocrx_word' id='word_1_30' title='bbox 1307 400 1404 442; x_wconf 84' lang='lat' dir='ltr'>sive</span> 
     </span>
     <span class='ocr_line' id='line_1_6' title="bbox 77 467 1403 528; baseline 0.001 -15"><span class='ocrx_word' id='word_1_31' title='bbox 77 471 190 513; x_wconf 84' lang='lat' dir='ltr'>alius</span> <span class='ocrx_word' id='word_1_32' title='bbox 215 471 313 528; x_wconf 89' lang='lat' dir='ltr'>quis</span> <span class='ocrx_word' id='word_1_33' title='bbox 345 483 425 526; x_wconf 88' lang='lat' dir='ltr'>pro</span> <span class='ocrx_word' id='word_1_34' title='bbox 459 468 682 511; x_wconf 86' lang='lat' dir='ltr'><strong>debitore:</strong></span> <span class='ocrx_word' id='word_1_35' title='bbox 716 467 866 510; x_wconf 90' lang='lat' dir='ltr'>omnia</span> <span class='ocrx_word' id='word_1_36' title='bbox 893 473 986 521; x_wconf 90' lang='lat' dir='ltr'>ejus</span> <span class='ocrx_word' id='word_1_37' title='bbox 1017 472 1135 511; x_wconf 91' lang='lat' dir='ltr'>bona</span> <span class='ocrx_word' id='word_1_38' title='bbox 1158 470 1403 526; x_wconf 83' lang='lat' dir='ltr'>publicari3</span> 
     </span>
     <span class='ocr_line' id='line_1_7' title="bbox 75 542 1405 597; baseline 0 -12"><span class='ocrx_word' id='word_1_39' title='bbox 75 544 319 585; x_wconf 84' lang='lat' dir='ltr'>Proedrum</span> <span class='ocrx_word' id='word_1_40' title='bbox 341 552 516 589; x_wconf 89' lang='lat' dir='ltr'>autem,</span> <span class='ocrx_word' id='word_1_41' title='bbox 549 542 625 597; x_wconf 80' lang='lat' dir='ltr'>quj</span> <span class='ocrx_word' id='word_1_42' title='bbox 650 554 804 581; x_wconf 88' lang='lat' dir='ltr'>eorum</span> <span class='ocrx_word' id='word_1_43' title='bbox 829 543 1197 596; x_wconf 69' lang='lat' dir='ltr'>causapopulum</span> <span class='ocrx_word' id='word_1_44' title='bbox 1230 542 1278 583; x_wconf 90' lang='lat' dir='ltr'>in</span> <span class='ocrx_word' id='word_1_45' title='bbox 1308 545 1405 585; x_wconf 85' lang='lat' dir='ltr'>suf-</span> 
     </span>
     <span class='ocr_line' id='line_1_8' title="bbox 23 610 1403 670; baseline -0.001 -15"><span class='ocrx_word' id='word_1_46' title='bbox 23 657 25 661; x_wconf 65' lang='lat'>,</span> <span class='ocrx_word' id='word_1_47' title='bbox 79 613 268 670; x_wconf 80' lang='lat' dir='ltr'>fragium</span> <span class='ocrx_word' id='word_1_48' title='bbox 298 611 511 660; x_wconf 85' lang='lat' dir='ltr'><strong>misisset,</strong></span> <span class='ocrx_word' id='word_1_49' title='bbox 545 612 687 668; x_wconf 88' lang='lat' dir='ltr'>capite</span> <span class='ocrx_word' id='word_1_50' title='bbox 716 610 866 653; x_wconf 89' lang='lat' dir='ltr'>minui</span> <span class='ocrx_word' id='word_1_51' title='bbox 899 622 1030 666; x_wconf 88' lang='lat' dir='ltr'>atque</span> <span class='ocrx_word' id='word_1_52' title='bbox 1061 613 1203 667; x_wconf 72' lang='grc' dir='ltr'><em>ἄτιμον</em></span> <span class='ocrx_word' id='word_1_53' title='bbox 1234 614 1403 668; x_wconf 68' lang='lat' dir='ltr'>fieri10),</span> 
     </span>
    </p>

    <p class='ocr_par' dir='ltr' id='par_1_3' title="bbox 73 681 1405 1312">
     <span class='ocr_line' id='line_1_9' title="bbox 162 681 1405 740; baseline 0.003 -13"><span class='ocrx_word' id='word_1_54' title='bbox 162 686 247 727; x_wconf 87' lang='lat' dir='ltr'>Sed</span> <span class='ocrx_word' id='word_1_55' title='bbox 277 683 314 725; x_wconf 90' lang='lat' dir='ltr'>si</span> <span class='ocrx_word' id='word_1_56' title='bbox 346 686 521 740; x_wconf 87' lang='lat' dir='ltr'>quando</span> <span class='ocrx_word' id='word_1_57' title='bbox 563 682 776 725; x_wconf 87' lang='lat' dir='ltr'>ordinarii</span> <span class='ocrx_word' id='word_1_58' title='bbox 815 681 982 726; x_wconf 85' lang='lat' dir='ltr'>reditus</span> <span class='ocrx_word' id='word_1_59' title='bbox 1020 697 1111 724; x_wconf 88' lang='lat' dir='ltr'>non</span> <span class='ocrx_word' id='word_1_60' title='bbox 1150 685 1405 731; x_wconf 86' lang='lat' dir='ltr'>sufficerent</span> 
     </span>
     <span class='ocr_line' id='line_1_10' title="bbox 76 754 1403 811; baseline 0.002 -13"><span class='ocrx_word' id='word_1_61' title='bbox 76 757 132 798; x_wconf 88' lang='lat' dir='ltr'>ad</span> <span class='ocrx_word' id='word_1_62' title='bbox 174 755 446 811; x_wconf 85' lang='lat' dir='ltr'>reipublicae</span> <span class='ocrx_word' id='word_1_63' title='bbox 493 754 798 802; x_wconf 84' lang='lat' dir='ltr'>necessitates,</span> <span class='ocrx_word' id='word_1_64' title='bbox 847 766 980 811; x_wconf 88' lang='lat' dir='ltr'>atque</span> <span class='ocrx_word' id='word_1_65' title='bbox 1031 755 1403 802; x_wconf 78' lang='lat' dir='ltr'>extraordinariae</span> 
     </span>
     <span class='ocr_line' id='line_1_11' title="bbox 75 825 1402 884; baseline 0.002 -14"><span class='ocrx_word' id='word_1_66' title='bbox 75 826 313 884; x_wconf 64' lang='lat' dir='ltr'>supplex-Ii</span> <span class='ocrx_word' id='word_1_67' title='bbox 354 825 509 867; x_wconf 88' lang='lat' dir='ltr'>aerarii</span> <span class='ocrx_word' id='word_1_68' title='bbox 547 825 738 867; x_wconf 89' lang='lat' dir='ltr'>rationes</span> <span class='ocrx_word' id='word_1_69' title='bbox 778 826 999 867; x_wconf 82' lang='lat' dir='ltr'>ineundae</span> <span class='ocrx_word' id='word_1_70' title='bbox 1039 827 1310 878; x_wconf 86' lang='lat' dir='ltr'>viderentur,</span> <span class='ocrx_word' id='word_1_71' title='bbox 1352 830 1402 872; x_wconf 89' lang='lat' dir='ltr'>id</span> 
     </span>
     <span class='ocr_line' id='line_1_12' title="bbox 75 897 1400 956; baseline 0.002 -15"><span class='ocrx_word' id='word_1_72' title='bbox 75 900 196 956; x_wconf 86' lang='lat' dir='ltr'>quod</span> <span class='ocrx_word' id='word_1_73' title='bbox 227 899 331 940; x_wconf 88' lang='lat' dir='ltr'>belli</span> <span class='ocrx_word' id='word_1_74' title='bbox 371 897 628 950; x_wconf 84' lang='lat' dir='ltr'>praesertim</span> <span class='ocrx_word' id='word_1_75' title='bbox 669 908 869 953; x_wconf 82' lang='lat' dir='ltr'>tempore</span> <span class='ocrx_word' id='word_1_76' title='bbox 907 899 1025 939; x_wconf 90' lang='lat' dir='ltr'>haud</span> <span class='ocrx_word' id='word_1_77' title='bbox 1064 912 1161 940; x_wconf 91' lang='lat' dir='ltr'>raro</span> <span class='ocrx_word' id='word_1_78' title='bbox 1200 900 1400 943; x_wconf 84' lang='lat' dir='ltr'>accidere</span> 
     </span>
     <span class='ocr_line' id='line_1_13' title="bbox 74 967 1399 1025; baseline 0.002 -13"><span class='ocrx_word' id='word_1_79' title='bbox 74 972 266 1014; x_wconf 83' lang='lat' dir='ltr'>solebat:</span> <span class='ocrx_word' id='word_1_80' title='bbox 308 970 360 1009; x_wconf 91' lang='lat' dir='ltr'>de</span> <span class='ocrx_word' id='word_1_81' title='bbox 399 968 607 1009; x_wconf 87' lang='lat' dir='ltr'>omnibus</span> <span class='ocrx_word' id='word_1_82' title='bbox 647 967 870 1021; x_wconf 88' lang='lat' dir='ltr'>ejusmodi</span> <span class='ocrx_word' id='word_1_83' title='bbox 911 969 1039 1009; x_wconf 86' lang='lat' dir='ltr'>rebus</span> <span class='ocrx_word' id='word_1_84' title='bbox 1079 972 1298 1025; x_wconf 88' lang='lat' dir='ltr'>populum</span> <span class='ocrx_word' id='word_1_85' title='bbox 1349 973 1399 1015; x_wconf 88' lang='lat' dir='ltr'>in</span> 
     </span>
     <span class='ocr_line' id='line_1_14' title="bbox 74 1039 1399 1095; baseline -0.004 -12"><span class='ocrx_word' id='word_1_86' title='bbox 74 1040 274 1083; x_wconf 88' lang='lat' dir='ltr'>comitiis</span> <span class='ocrx_word' id='word_1_87' title='bbox 314 1040 564 1081; x_wconf 87' lang='lat' dir='ltr'>consultare</span> <span class='ocrx_word' id='word_1_88' title='bbox 597 1053 646 1079; x_wconf 88' lang='lat' dir='ltr'>ac</span> <span class='ocrx_word' id='word_1_89' title='bbox 679 1041 913 1080; x_wconf 84' lang='lat' dir='ltr'>decernere</span> <span class='ocrx_word' id='word_1_90' title='bbox 952 1039 1167 1095; x_wconf 65' lang='lat' dir='ltr'>oportuit.</span> <span class='ocrx_word' id='word_1_91' title='bbox 1228 1045 1399 1095; x_wconf 74' lang='lat' dir='ltr'>Hujus-</span> 
     </span>
     <span class='ocr_line' id='line_1_15' title="bbox 73 1111 1397 1171; baseline 0.002 -17"><span class='ocrx_word' id='word_1_92' title='bbox 73 1112 199 1155; x_wconf 89' lang='lat' dir='ltr'>modi</span> <span class='ocrx_word' id='word_1_93' title='bbox 231 1111 344 1154; x_wconf 91' lang='lat' dir='ltr'>illud</span> <span class='ocrx_word' id='word_1_94' title='bbox 373 1122 459 1158; x_wconf 89' lang='lat' dir='ltr'>est,</span> <span class='ocrx_word' id='word_1_95' title='bbox 494 1111 616 1166; x_wconf 90' lang='lat' dir='ltr'>quod</span> <span class='ocrx_word' id='word_1_96' title='bbox 646 1112 698 1151; x_wconf 90' lang='lat' dir='ltr'>de</span> <span class='ocrx_word' id='word_1_97' title='bbox 727 1111 938 1162; x_wconf 88' lang='lat' dir='ltr'>Pythocle</span> <span class='ocrx_word' id='word_1_98' title='bbox 971 1112 1166 1165; x_wconf 88' lang='lat' dir='ltr'>quodam</span> <span class='ocrx_word' id='word_1_99' title='bbox 1195 1114 1397 1171; x_wconf 85' lang='lat' dir='ltr'>legimus,</span> 
     </span>
     <span class='ocr_line' id='line_1_16' title="bbox 73 1182 1397 1238; baseline 0.002 -12"><span class='ocrx_word' id='word_1_100' title='bbox 73 1199 177 1225; x_wconf 86' lang='lat' dir='ltr'>eum</span> <span class='ocrx_word' id='word_1_101' title='bbox 217 1183 404 1225; x_wconf 75' lang='lat' dir='ltr'>suasisse</span> <span class='ocrx_word' id='word_1_102' title='bbox 441 1182 633 1237; x_wconf 88' lang='lat' dir='ltr'>populo,</span> <span class='ocrx_word' id='word_1_103' title='bbox 687 1192 740 1222; x_wconf 86' lang='lat' dir='ltr'>ut</span> <span class='ocrx_word' id='word_1_104' title='bbox 787 1182 1025 1237; x_wconf 87' lang='lat' dir='ltr'>plumbum</span> <span class='ocrx_word' id='word_1_105' title='bbox 1072 1183 1276 1238; x_wconf 87' lang='lat' dir='ltr'>publice,</span> <span class='ocrx_word' id='word_1_106' title='bbox 1330 1203 1397 1236; x_wconf 86' lang='lat' dir='ltr'>eo,</span> 
     </span>
     <span class='ocr_line' id='line_1_17' title="bbox 73 1252 1399 1312; baseline 0.002 -15"><span class='ocrx_word' id='word_1_107' title='bbox 73 1269 162 1312; x_wconf 87' lang='lat' dir='ltr'>quo</span> <span class='ocrx_word' id='word_1_108' title='bbox 192 1257 328 1310; x_wconf 87' lang='lat' dir='ltr'>vulgo</span> <span class='ocrx_word' id='word_1_109' title='bbox 359 1252 517 1294; x_wconf 83' lang='lat' dir='ltr'>venire</span> <span class='ocrx_word' id='word_1_110' title='bbox 548 1254 736 1302; x_wconf 84' lang='lat' dir='ltr'>solebat,</span> <span class='ocrx_word' id='word_1_111' title='bbox 775 1254 917 1308; x_wconf 88' lang='lat' dir='ltr'>pretio</span> <span class='ocrx_word' id='word_1_112' title='bbox 949 1253 1120 1302; x_wconf 88' lang='lat' dir='ltr'>coemi,</span> <span class='ocrx_word' id='word_1_113' title='bbox 1153 1270 1203 1297; x_wconf 88' lang='lat' dir='ltr'>ac</span> <span class='ocrx_word' id='word_1_114' title='bbox 1235 1257 1399 1300; x_wconf 85' lang='lat' dir='ltr'>deinde</span> 
     </span>
    </p>
   </div>
   <div class='ocr_carea' id='block_1_3' title="bbox 5 1320 1398 1382">
    <p class='ocr_par' dir='ltr' id='par_1_4' title="bbox 5 1320 1398 1382">
     <span class='ocr_line' id='line_1_18' title="bbox 5 1320 1398 1382; baseline 0 -16"><span class='ocrx_word' id='word_1_115' title='bbox 5 1320 8 1322; x_wconf 28' lang='grc'><strong>“</strong></span> <span class='ocrx_word' id='word_1_116' title='bbox 72 1325 206 1382; x_wconf 89' lang='lat' dir='ltr'>triplo</span> <span class='ocrx_word' id='word_1_117' title='bbox 239 1329 404 1378; x_wconf 84' lang='lat' dir='ltr'>majore</span> <span class='ocrx_word' id='word_1_118' title='bbox 435 1323 580 1380; x_wconf 85' lang='lat' dir='ltr'>pretio</span> <span class='ocrx_word' id='word_1_119' title='bbox 611 1322 747 1364; x_wconf 86' lang='lat' dir='ltr'>vendi</span> <span class='ocrx_word' id='word_1_120' title='bbox 776 1326 969 1374; x_wconf 87' lang='lat' dir='ltr'>juberet,</span> <span class='ocrx_word' id='word_1_121' title='bbox 1001 1336 1052 1367; x_wconf 90' lang='lat' dir='ltr'>ut</span> <span class='ocrx_word' id='word_1_122' title='bbox 1081 1327 1212 1377; x_wconf 86' lang='lat' dir='ltr'>hujus</span> <span class='ocrx_word' id='word_1_123' title='bbox 1241 1344 1398 1372; x_wconf 85' lang='lat' dir='ltr'>mono.</span> 
     </span>
    </p>
   </div>
   <div class='ocr_carea' id='block_1_4' title="bbox 70 1395 1398 2238">
    <p class='ocr_par' dir='ltr' id='par_1_5' title="bbox 70 1395 1398 2238">
     <span class='ocr_line' id='line_1_19' title="bbox 71 1395 1396 1458; baseline 0 -21"><span class='ocrx_word' id='word_1_124' title='bbox 71 1395 182 1453; x_wconf 84' lang='lat' dir='ltr'>polii</span> <span class='ocrx_word' id='word_1_125' title='bbox 211 1398 337 1437; x_wconf 86' lang='lat' dir='ltr'>lucro</span> <span class='ocrx_word' id='word_1_126' title='bbox 369 1396 586 1437; x_wconf 83' lang='lat' dir='ltr'>aerarium</span> <span class='ocrx_word' id='word_1_127' title='bbox 618 1399 944 1450; x_wconf 86' lang='lat' dir='ltr'>augeretur¹¹);</span> <span class='ocrx_word' id='word_1_128' title='bbox 975 1407 1108 1453; x_wconf 89' lang='lat' dir='ltr'>atque</span> <span class='ocrx_word' id='word_1_129' title='bbox 1137 1396 1251 1440; x_wconf 90' lang='lat' dir='ltr'>illud</span> <span class='ocrx_word' id='word_1_130' title='bbox 1282 1416 1396 1458; x_wconf 84' lang='lat' dir='ltr'>quo..</span> 
     </span>
     <span class='ocr_line' id='line_1_20' title="bbox 72 1465 1398 1525; baseline 0.001 -18"><span class='ocrx_word' id='word_1_131' title='bbox 72 1482 157 1524; x_wconf 88' lang='lat' dir='ltr'>que</span> <span class='ocrx_word' id='word_1_132' title='bbox 199 1468 252 1507; x_wconf 90' lang='lat' dir='ltr'>de</span> <span class='ocrx_word' id='word_1_133' title='bbox 293 1465 535 1522; x_wconf 86' lang='lat' dir='ltr'>Iphicrate,</span> <span class='ocrx_word' id='word_1_134' title='bbox 593 1471 718 1518; x_wconf 87' lang='lat' dir='ltr'>cujus</span> <span class='ocrx_word' id='word_1_135' title='bbox 769 1465 956 1508; x_wconf 86' lang='lat' dir='ltr'>consilio</span> <span class='ocrx_word' id='word_1_136' title='bbox 1008 1470 1200 1525; x_wconf 84' lang='lat' dir='ltr'>populus</span> <span class='ocrx_word' id='word_1_137' title='bbox 1249 1473 1398 1521; x_wconf 85' lang='lat' dir='ltr'>vecti..</span> 
     </span>
     <span class='ocr_line' id='line_1_21' title="bbox 72 1537 1397 1596; baseline 0.006 -17"><span class='ocrx_word' id='word_1_138' title='bbox 72 1541 141 1594; x_wconf 82' lang='lat' dir='ltr'>gal</span> <span class='ocrx_word' id='word_1_139' title='bbox 174 1538 394 1594; x_wconf 85' lang='lat' dir='ltr'>quoddam</span> <span class='ocrx_word' id='word_1_140' title='bbox 437 1553 514 1590; x_wconf 89' lang='lat' dir='ltr'>pro</span> <span class='ocrx_word' id='word_1_141' title='bbox 559 1537 813 1580; x_wconf 81' lang='lat' dir='ltr'>coenaculis</span> <span class='ocrx_word' id='word_1_142' title='bbox 851 1537 898 1579; x_wconf 89' lang='lat' dir='ltr'>in</span> <span class='ocrx_word' id='word_1_143' title='bbox 940 1537 1058 1581; x_wconf 87' lang='lat' dir='ltr'>viam</span> <span class='ocrx_word' id='word_1_144' title='bbox 1096 1542 1397 1596; x_wconf 83' lang='lat' dir='ltr'>prominenti-</span> 
     </span>
     <span class='ocr_line' id='line_1_22' title="bbox 70 1607 1395 1668; baseline 0.002 -17"><span class='ocrx_word' id='word_1_145' title='bbox 70 1611 154 1652; x_wconf 88' lang='lat' dir='ltr'>bus</span> <span class='ocrx_word' id='word_1_146' title='bbox 196 1607 455 1664; x_wconf 86' lang='lat' dir='ltr'>foribusque</span> <span class='ocrx_word' id='word_1_147' title='bbox 495 1625 609 1665; x_wconf 82' lang='lat' dir='ltr'>quae</span> <span class='ocrx_word' id='word_1_148' title='bbox 635 1608 681 1649; x_wconf 89' lang='lat' dir='ltr'>in</span> <span class='ocrx_word' id='word_1_149' title='bbox 721 1607 952 1665; x_wconf 87' lang='lat' dir='ltr'>publicum</span> <span class='ocrx_word' id='word_1_150' title='bbox 988 1611 1286 1668; x_wconf 86' lang='lat' dir='ltr'>aperirentur,</span> <span class='ocrx_word' id='word_1_151' title='bbox 1320 1631 1395 1658; x_wconf 83' lang='lat' dir='ltr'>ae-</span> 
     </span>
     <span class='ocr_line' id='line_1_23' title="bbox 75 1678 1395 1738; baseline 0.002 -16"><span class='ocrx_word' id='word_1_152' title='bbox 75 1679 199 1722; x_wconf 85' lang='lat' dir='ltr'>dium</span> <span class='ocrx_word' id='word_1_153' title='bbox 230 1678 555 1736; x_wconf 84' lang='lat' dir='ltr'>possessoribus</span> <span class='ocrx_word' id='word_1_154' title='bbox 588 1682 878 1737; x_wconf 86' lang='lat' dir='ltr'>pendendum</span> <span class='ocrx_word' id='word_1_155' title='bbox 910 1681 1201 1738; x_wconf 57' lang='lat' dir='ltr'>imposuitu).</span> <span class='ocrx_word' id='word_1_156' title='bbox 1263 1689 1395 1729; x_wconf 89' lang='lat' dir='ltr'>Non..</span> 
     </span>
     <span class='ocr_line' id='line_1_24' title="bbox 71 1750 1395 1808; baseline 0.007 -16"><span class='ocrx_word' id='word_1_157' title='bbox 71 1765 305 1807; x_wconf 86' lang='lat' dir='ltr'>nunquam</span> <span class='ocrx_word' id='word_1_158' title='bbox 338 1750 494 1800; x_wconf 82' lang='lat' dir='ltr'>etiam,</span> <span class='ocrx_word' id='word_1_159' title='bbox 536 1762 588 1793; x_wconf 88' lang='lat' dir='ltr'>ut</span> <span class='ocrx_word' id='word_1_160' title='bbox 617 1751 784 1793; x_wconf 85' lang='lat' dir='ltr'>aerario</span> <span class='ocrx_word' id='word_1_161' title='bbox 830 1752 1143 1808; x_wconf 86' lang='lat' dir='ltr'>subvenirent,</span> <span class='ocrx_word' id='word_1_162' title='bbox 1183 1770 1395 1801; x_wconf 78' lang='lat' dir='ltr'>nummos</span> 
     </span>
     <span class='ocr_line' id='line_1_25' title="bbox 71 1820 1394 1886; baseline 0.005 -23"><span class='ocrx_word' id='word_1_163' title='bbox 71 1821 252 1864; x_wconf 79' lang='lat' dir='ltr'>viliores</span> <span class='ocrx_word' id='word_1_164' title='bbox 281 1820 385 1864; x_wconf 89' lang='lat' dir='ltr'>cudi</span> <span class='ocrx_word' id='word_1_165' title='bbox 415 1824 652 1873; x_wconf 84' lang='lat' dir='ltr'>jusserunt,</span> <span class='ocrx_word' id='word_1_166' title='bbox 685 1822 832 1879; x_wconf 88' lang='lat' dir='ltr'>eisque</span> <span class='ocrx_word' id='word_1_167' title='bbox 852 1822 1047 1878; x_wconf 82' lang='lat' dir='ltr'>pretium</span> <span class='ocrx_word' id='word_1_168' title='bbox 1070 1831 1226 1881; x_wconf 82' lang='lat' dir='ltr'>majus,</span> <span class='ocrx_word' id='word_1_169' title='bbox 1258 1844 1394 1886; x_wconf 84' lang='lat' dir='ltr'>quam</span> 
     </span>
     <span class='ocr_line' id='line_1_26' title="bbox 72 1893 1392 1956; baseline 0.005 -21"><span class='ocrx_word' id='word_1_170' title='bbox 72 1908 160 1951; x_wconf 89' lang='lat' dir='ltr'>quo</span> <span class='ocrx_word' id='word_1_171' title='bbox 192 1908 238 1934; x_wconf 87' lang='lat' dir='ltr'>re</span> <span class='ocrx_word' id='word_1_172' title='bbox 268 1908 369 1934; x_wconf 86' lang='lat' dir='ltr'>vera</span> <span class='ocrx_word' id='word_1_173' title='bbox 409 1904 557 1941; x_wconf 87' lang='lat' dir='ltr'>erant,</span> <span class='ocrx_word' id='word_1_174' title='bbox 599 1893 789 1950; x_wconf 79' lang='lat' dir='ltr'>publica</span> <span class='ocrx_word' id='word_1_175' title='bbox 821 1893 1083 1937; x_wconf 87' lang='lat' dir='ltr'>auctoritate</span> <span class='ocrx_word' id='word_1_176' title='bbox 1119 1897 1392 1956; x_wconf 81' lang='lat' dir='ltr'>tribuerunt,</span> 
     </span>
     <span class='ocr_line' id='line_1_27' title="bbox 72 1962 1395 2026; baseline 0.007 -23"><span class='ocrx_word' id='word_1_177' title='bbox 72 1963 234 2020; x_wconf 83' lang='lat' dir='ltr'>quibus</span> <span class='ocrx_word' id='word_1_178' title='bbox 276 1962 394 2005; x_wconf 90' lang='lat' dir='ltr'>cives</span> <span class='ocrx_word' id='word_1_179' title='bbox 434 1974 565 2019; x_wconf 87' lang='lat' dir='ltr'>atque</span> <span class='ocrx_word' id='word_1_180' title='bbox 604 1962 817 2019; x_wconf 88' lang='lat' dir='ltr'>inquilini</span> <span class='ocrx_word' id='word_1_181' title='bbox 856 1963 972 2006; x_wconf 85' lang='lat' dir='ltr'>intra</span> <span class='ocrx_word' id='word_1_182' title='bbox 1002 1969 1156 2008; x_wconf 85' lang='lat' dir='ltr'>urbem</span> <span class='ocrx_word' id='word_1_183' title='bbox 1195 1968 1395 2026; x_wconf 83' lang='lat' dir='ltr'>finesque</span> 
     </span>
     <span class='ocr_line' id='line_1_28' title="bbox 75 2031 1391 2097; baseline 0.008 -25"><span class='ocrx_word' id='word_1_184' title='bbox 75 2031 278 2090; x_wconf 85' lang='lat' dir='ltr'>imperii,</span> <span class='ocrx_word' id='word_1_185' title='bbox 320 2031 642 2090; x_wconf 82' lang='lat' dir='ltr'>aliquantisper</span> <span class='ocrx_word' id='word_1_186' title='bbox 672 2044 813 2084; x_wconf 87' lang='lat' dir='ltr'>certe,</span> <span class='ocrx_word' id='word_1_187' title='bbox 857 2035 975 2078; x_wconf 87' lang='lat' dir='ltr'>inter</span> <span class='ocrx_word' id='word_1_188' title='bbox 1003 2052 1048 2078; x_wconf 91' lang='lat' dir='ltr'>se</span> <span class='ocrx_word' id='word_1_189' title='bbox 1077 2038 1146 2079; x_wconf 82' lang='lat' dir='ltr'>uti</span> <span class='ocrx_word' id='word_1_190' title='bbox 1178 2044 1391 2097; x_wconf 84' lang='lat' dir='ltr'>cogeban-</span> 
     </span>
     <span class='ocr_line' id='line_1_29' title="bbox 75 2103 1397 2166; baseline 0.003 -20"><span class='ocrx_word' id='word_1_191' title='bbox 75 2115 172 2157; x_wconf 83' lang='lat' dir='ltr'>tur;</span> <span class='ocrx_word' id='word_1_192' title='bbox 212 2103 354 2146; x_wconf 87' lang='lat' dir='ltr'>veluti</span> <span class='ocrx_word' id='word_1_193' title='bbox 385 2103 521 2146; x_wconf 84' lang='lat' dir='ltr'>Callia</span> <span class='ocrx_word' id='word_1_194' title='bbox 553 2107 771 2148; x_wconf 84' lang='lat' dir='ltr'>Archonte</span> <span class='ocrx_word' id='word_1_195' title='bbox 801 2109 967 2150; x_wconf 85' lang='lat' dir='ltr'>factum</span> <span class='ocrx_word' id='word_1_196' title='bbox 995 2108 1194 2166; x_wconf 82' lang='lat' dir='ltr'>videtur,</span> <span class='ocrx_word' id='word_1_197' title='bbox 1235 2123 1286 2155; x_wconf 93' lang='lat' dir='ltr'>ut</span> <span class='ocrx_word' id='word_1_198' title='bbox 1315 2129 1397 2156; x_wconf 74' lang='lat' dir='ltr'>ae·-</span> 
     </span>
     <span class='ocr_line' id='line_1_30' title="bbox 74 2174 1393 2238; baseline 0.007 -22"><span class='ocrx_word' id='word_1_199' title='bbox 74 2174 148 2216; x_wconf 85' lang='lat' dir='ltr'>nei</span> <span class='ocrx_word' id='word_1_200' title='bbox 181 2176 470 2227; x_wconf 87' lang='lat' dir='ltr'>cuderentur,</span> <span class='ocrx_word' id='word_1_201' title='bbox 511 2175 589 2231; x_wconf 90' lang='lat' dir='ltr'>qui</span> <span class='ocrx_word' id='word_1_202' title='bbox 617 2191 697 2233; x_wconf 86' lang='lat' dir='ltr'>pro</span> <span class='ocrx_word' id='word_1_203' title='bbox 728 2178 944 2236; x_wconf 87' lang='lat' dir='ltr'>argenteis</span> <span class='ocrx_word' id='word_1_204' title='bbox 974 2180 1246 2238; x_wconf 83' lang='lat' dir='ltr'>valerent¹³).</span> <span class='ocrx_word' id='word_1_205' title='bbox 1307 2188 1393 2227; x_wconf 87' lang='lat' dir='ltr'>So..</span> 
     </span>
    </p>
   </div>
   <div class='ocr_carea' id='block_1_5' title="bbox 75 2282 1391 2701">
    <p class='ocr_par' dir='ltr' id='par_1_6' title="bbox 75 2282 1391 2701">
     <span class='ocr_line' id='line_1_31' title="bbox 124 2282 1391 2344; baseline 0.008 -27"><span class='ocrx_word' id='word_1_206' title='bbox 124 2287 180 2326; x_wconf 75' lang='grc' dir='ltr'>ιο)</span> <span class='ocrx_word' id='word_1_207' title='bbox 207 2284 336 2317; x_wconf 82' lang='lat' dir='ltr'>Exstat</span> <span class='ocrx_word' id='word_1_208' title='bbox 359 2282 453 2318; x_wconf 84' lang='lat' dir='ltr'>haec</span> <span class='ocrx_word' id='word_1_209' title='bbox 477 2284 559 2328; x_wconf 82' lang='lat' dir='ltr'>lex,</span> <span class='ocrx_word' id='word_1_210' title='bbox 584 2287 793 2344; x_wconf 51' lang='lat' dir='ltr'>vel·potius</span> <span class='ocrx_word' id='word_1_211' title='bbox 817 2288 951 2334; x_wconf 85' lang='lat' dir='ltr'>prioris</span> <span class='ocrx_word' id='word_1_212' title='bbox 978 2288 1071 2334; x_wconf 79' lang='lat' dir='ltr'>legis</span> <span class='ocrx_word' id='word_1_213' title='bbox 1096 2301 1202 2336; x_wconf 85' lang='lat' dir='ltr'>pars,</span> <span class='ocrx_word' id='word_1_214' title='bbox 1230 2304 1287 2339; x_wconf 85' lang='lat' dir='ltr'>ap.</span> <span class='ocrx_word' id='word_1_215' title='bbox 1315 2295 1391 2329; x_wconf 61' lang='lat' dir='ltr'>De»</span> 
     </span>
     <span class='ocr_line' id='line_1_32' title="bbox 75 2343 1124 2397; baseline 0.007 -18"><span class='ocrx_word' id='word_1_216' title='bbox 75 2343 211 2379; x_wconf 80' lang='lat' dir='ltr'>mosth.</span> <span class='ocrx_word' id='word_1_217' title='bbox 237 2343 263 2377; x_wconf 87' lang='lat'>1.</span> <span class='ocrx_word' id='word_1_218' title='bbox 289 2344 314 2378; x_wconf 90' lang='lat'>1.</span> <span class='ocrx_word' id='word_1_219' title='bbox 341 2355 379 2390; x_wconf 87' lang='lat' dir='ltr'>p.</span> <span class='ocrx_word' id='word_1_220' title='bbox 403 2344 481 2391; x_wconf 78' lang='lat'>716.</span> <span class='ocrx_word' id='word_1_221' title='bbox 511 2345 566 2380; x_wconf 84' lang='lat' dir='ltr'>Cf.</span> <span class='ocrx_word' id='word_1_222' title='bbox 593 2347 703 2382; x_wconf 83' lang='lat' dir='ltr'>Petit.</span> <span class='ocrx_word' id='word_1_223' title='bbox 737 2350 853 2395; x_wconf 82' lang='lat' dir='ltr'>Legg.</span> <span class='ocrx_word' id='word_1_224' title='bbox 878 2351 956 2383; x_wconf 85' lang='lat' dir='ltr'>Att.</span> <span class='ocrx_word' id='word_1_225' title='bbox 983 2361 1019 2395; x_wconf 84' lang='lat' dir='ltr'>p.</span> <span class='ocrx_word' id='word_1_226' title='bbox 1044 2362 1124 2397; x_wconf 88' lang='lat'>470-</span> 
     </span>
     <span class='ocr_line' id='line_1_33' title="bbox 125 2403 953 2454; baseline 0.007 -16"><span class='ocrx_word' id='word_1_227' title='bbox 125 2404 180 2447; x_wconf 77' lang='grc' dir='ltr'>ιι)</span> <span class='ocrx_word' id='word_1_228' title='bbox 206 2403 359 2439; x_wconf 84' lang='lat' dir='ltr'>Aristot.</span> <span class='ocrx_word' id='word_1_229' title='bbox 382 2416 410 2438; x_wconf 89' lang='lat' dir='ltr'>s.</span> <span class='ocrx_word' id='word_1_230' title='bbox 437 2408 620 2452; x_wconf 84' lang='lat' dir='ltr'>Anonym.</span> <span class='ocrx_word' id='word_1_231' title='bbox 652 2407 793 2444; x_wconf 87' lang='lat' dir='ltr'>Oecon.</span> <span class='ocrx_word' id='word_1_232' title='bbox 819 2411 870 2444; x_wconf 90' lang='lat'>11.</span> <span class='ocrx_word' id='word_1_233' title='bbox 896 2410 953 2454; x_wconf 80' lang='lat'>36.</span> 
     </span>
     <span class='ocr_line' id='line_1_34' title="bbox 123 2463 623 2512; baseline 0.012 -16"><span class='ocrx_word' id='word_1_234' title='bbox 123 2464 178 2506; x_wconf 85' lang='lat'>12)</span> <span class='ocrx_word' id='word_1_235' title='bbox 205 2463 381 2508; x_wconf 83' lang='lat' dir='ltr'>Polyaen.</span> <span class='ocrx_word' id='word_1_236' title='bbox 415 2467 484 2500; x_wconf 90' lang='lat' dir='ltr'>III.</span> <span class='ocrx_word' id='word_1_237' title='bbox 510 2480 542 2512; x_wconf 86' lang='lat'>9.</span> <span class='ocrx_word' id='word_1_238' title='bbox 569 2479 623 2512; x_wconf 82' lang='lat'>30.</span> 
     </span>
     <span class='ocr_line' id='line_1_35' title="bbox 125 2525 1148 2581; baseline 0.011 -23"><span class='ocrx_word' id='word_1_239' title='bbox 125 2526 180 2569; x_wconf 81' lang='lat'>13)</span> <span class='ocrx_word' id='word_1_240' title='bbox 208 2526 290 2559; x_wconf 86' lang='lat' dir='ltr'>Huc</span> <span class='ocrx_word' id='word_1_241' title='bbox 315 2525 480 2570; x_wconf 87' lang='lat' dir='ltr'>pertinet</span> <span class='ocrx_word' id='word_1_242' title='bbox 503 2528 690 2574; x_wconf 85' lang='lat' dir='ltr'>Aristoph.</span> <span class='ocrx_word' id='word_1_243' title='bbox 722 2531 865 2566; x_wconf 77' lang='lat' dir='ltr'>Eccles.</span> <span class='ocrx_word' id='word_1_244' title='bbox 900 2545 933 2567; x_wconf 86' lang='lat' dir='ltr'>v.</span> <span class='ocrx_word' id='word_1_245' title='bbox 960 2538 1039 2573; x_wconf 88' lang='lat'>810.</span> <span class='ocrx_word' id='word_1_246' title='bbox 1067 2546 1148 2581; x_wconf 82' lang='lat' dir='ltr'>sqq.</span> 
     </span>
     <span class='ocr_line' id='line_1_36' title="bbox 167 2584 933 2638; baseline 0.014 -20"><span class='ocrx_word' id='word_1_247' title='bbox 167 2604 213 2611; x_wconf 90' lang='lat'>—-</span> <span class='ocrx_word' id='word_1_248' title='bbox 236 2586 278 2619; x_wconf 92' lang='lat' dir='ltr'>B.</span> <span class='ocrx_word' id='word_1_249' title='bbox 308 2584 395 2621; x_wconf 60' lang='lat' dir='ltr'>Toxle</span> <span class='ocrx_word' id='word_1_250' title='bbox 416 2586 569 2629; x_wconf 72' lang='grc' dir='ltr'><strong><em>χαλκοῦς</em></strong></span> <span class='ocrx_word' id='word_1_251' title='bbox 592 2588 625 2624; x_wconf 79' lang='grc' dir='ltr'>δ’</span> <span class='ocrx_word' id='word_1_252' title='bbox 647 2590 803 2629; x_wconf 67' lang='grc' dir='ltr'>ἐκείνους</span> <span class='ocrx_word' id='word_1_253' title='bbox 824 2590 933 2638; x_wconf 77' lang='grc' dir='ltr'><em>ἡνίκα</em></span> 
     </span>
     <span class='ocr_line' id='line_1_37' title="bbox 168 2642 1171 2701; baseline 0.007 -20"><span class='ocrx_word' id='word_1_254' title='bbox 168 2642 440 2691; x_wconf 73' lang='grc' dir='ltr'>ἐψηφισάμεθ’,</span> <span class='ocrx_word' id='word_1_255' title='bbox 466 2645 528 2684; x_wconf 70' lang='grc' dir='ltr'>οὐκ</span> <span class='ocrx_word' id='word_1_256' title='bbox 555 2648 689 2694; x_wconf 63' lang='grc' dir='ltr'><em>οῗσθαῑ</em></span> <span class='ocrx_word' id='word_1_257' title='bbox 720 2654 768 2689; x_wconf 85' lang='lat' dir='ltr'>A.</span> <span class='ocrx_word' id='word_1_258' title='bbox 795 2657 868 2690; x_wconf 76' lang='grc' dir='ltr'>Καὶ</span> <span class='ocrx_word' id='word_1_259' title='bbox 896 2653 1010 2691; x_wconf 78' lang='grc' dir='ltr'><strong><em>κακόν</em></strong></span> <span class='ocrx_word' id='word_1_260' title='bbox 1035 2655 1065 2701; x_wconf 82' lang='grc' dir='ltr'>γ’</span> <span class='ocrx_word' id='word_1_261' title='bbox 1089 2657 1171 2699; x_wconf 71' lang='grc' dir='ltr'>ἐμοὶ</span> 
     </span>
    </p>
   </div>
   <div class='ocr_carea' id='block_1_6' title="bbox 1088 2718 1119 2754">
    <p class='ocr_par' dir='ltr' id='par_1_7' title="bbox 1088 2718 1119 2754">
     <span class='ocr_line' id='line_1_38' title="bbox 1088 2718 1119 2754; baseline 0 0"><span class='ocrx_word' id='word_1_262' title='bbox 1088 2718 1119 2754; x_wconf 72' lang='lat' dir='ltr'>L*</span> 
     </span>
    </p>
   </div>
  </div>
 </body>
</html>
