1706 3058
1364 165 1418 208 91.

88 275 166 314 περ
194 255 279 317 ἡγῇ
315 260 380 302 σοὶ
418 255 666 315 προσήκειν,
706 257 910 311 κήδεσθαί
947 274 985 300 τι
1022 261 1094 311 τῆς
1130 256 1314 310 πόλεως,’
1351 260 1424 302 καὶ

89 329 232 386 βούλει
260 332 451 387 γενέσθαι
479 331 645 382 πολίτης
684 326 858 384 ἀγαθὸς)
900 329 1122 383 ἐπιψήφιζε
1161 333 1230 373 καὶ
1258 329 1424 386 γνώμας

87 405 278 458 προτίθει
307 399 431 452 αὖθις
464 399 721 454 Ἀθηναίοις.
781 401 997 453 Prytanin
1039 400 1306 456 alloquitur;
1351 416 1424 441 er·-

89 488 171 531 g0,
203 474 278 531 qui
310 471 571 529 suffragium
603 473 769 528 populo
804 473 936 512 dabat
971 487 994 513 e
1025 472 1292 526 Prytanibus
1314 484 1421 520 erat,

87 546 329 599 Prytanum
370 543 599 600 princeps,
642 558 734 585 non
774 546 1073 586 Proedrorum
1113 543 1423 586 non-contri..

88 615 476 673 bulium,‘quibus
506 617 586 660 hae
618 627 763 671 partes
796 629 818 656 a
843 616 1053 657 Corsinio
1077 617 1421 658 demandantur,

87 688 299 730 Ceterum
328 688 440 729 illud
472 701 650 743 quoque
681 688 752 728 hic
783 689 905 730 locus
935 690 1116 743 probat,
1156 701 1246 728 non
1278 688 1426 728 solum

86 757 136 800 in
167 760 373 816 suffragia
403 761 621 816 populum
663 774 687 800 a
716 762 961 813 Prytanum
990 758 1191 815 Epistata
1232 757 1426 801 missum

89 844 197 878 esse,
223 832 344 887 quod
358 842 422 873 est
435 834 709 886 ἐπιψηφίζειν,
733 829 958 871 sedetiam
974 829 1222 872 oratoribus
1244 829 1425 872 dicendi

87 912 354 959 potestatem
385 901 672 958 permissam,
714 903 834 958 quod
867 901 1032 943 dicitur
1060 901 1226 958 γνώμας
1254 903 1327 942 vel
1361 901 1428 945 λό-

86 991 186 1029 γους
215 962 467 1027 προτιθέναι.
526 975 726 1014 Alterum
769 982 1084 1029 argumentum
1124 972 1427 1028 suppeditabit

84 1043 280 1084 narratio
314 1045 369 1084 de
400 1047 600 1092 Socrate,
642 1058 753 1099 quae
794 1055 838 1084 et
869 1058 892 1084 a
931 1045 1115 1086 Platone
1147 1056 1190 1085 et
1220 1059 1244 1085 a
1273 1048 1425 1086 Xeno-

84 1115 253 1172 phonte
276 1125 328 1155 ,et
358 1117 410 1155 ab
441 1114 690 1166 Aeschine,
733 1115 827 1156 sive
859 1115 958 1172 quis
990 1115 1105 1159 alius
1137 1128 1204 1157 est
1233 1116 1425 1159 Axiochi

84 1196 263 1235 auctor,
295 1185 487 1230 traditur
512 1187 605 1238 ι5)τ
638 1201 741 1227 cum
773 1187 1093 1236 Athenienses,
1137 1188 1428 1230 calumniato-

83 1271 186 1298 rum
227 1256 392 1298 artibus
437 1257 700 1313 exasperati,
755 1259 810 1298 de
861 1260 1015 1300 decem
1063 1259 1422 1316 imperatoribus,

85 1327 164 1384 qui
193 1330 423 1384 neglectae
455 1327 657 1370 militum
690 1328 738 1371 in
769 1329 915 1371 navali
947 1332 1001 1371 ad
1031 1332 1271 1388 Arginusas
1301 1348 1427 1390 proe-

82 1398 146 1440 lio
177 1400 434 1442 occisorum
473 1402 725 1455 sepulturae
756 1404 1105 1452 accusabantur,
1143 1418 1235 1446 uno
1266 1406 1425 1446 suffra-

84 1469 158 1526 gio
189 1470 460 1515 sententiam
499 1470 587 1512 sihi
628 1472 860 1513 ferendam
891 1473 1092 1528 permitti
1132 1477 1425 1531 postularent,

86 1543 336 1588 Socratem,
380 1541 459 1597 qui
499 1541 548 1582 in
588 1541 678 1582 illis
723 1541 923 1583 comitiis
961 1545 1190 1598 Epistatae
1235 1563 1423 1589 munere

84 1612 379 1669 fungebatur,
423 1611 638 1653 restitisse
677 1611 836 1667 populi
880 1613 1045 1662 furori,
1086 1627 1128 1656 et
1158 1618 1423 1674 suffragium

84 1682 126 1725 ei
159 1693 411 1725 constanter
440 1697 490 1724 ac
521 1683 697 1724 fortiter
725 1697 920 1738 negasse.
980 1686 1126 1740 Atque
1158 1691 1267 1730 haec
1296 1692 1422 1733 Plato

83 1753 232 1811 ipsum
263 1757 487 1798 Socratem
518 1752 587 1795 his
617 1752 764 1796 verbis
797 1765 1051 1796 narrantem
1084 1757 1216 1799 facit:
1238 1760 1422 1816 ’Ἔτυχεν

81 1823 202 1881 ἡμῶν
228 1825 255 1880 ἡ
285 1825 395 1881 φυλὴ
437 1823 640 1881 Ἀντιοχὶς
677 1825 1010 1882 πρυτανεύουσα,
1057 1826 1121 1871 ὅτε
1160 1828 1278 1885 ὑμεῖς
1323 1833 1422 1884 τούς

85 1900 183 1942 δέκα
204 1897 452 1955 στρατηγούς
472 1897 569 1948 τούς
588 1895 665 1941 οὐκ
687 1896 962 1951 ἆνελομένους
987 1899 1086 1949 τούς
1104 1902 1149 1943 ἐκ
1170 1909 1243 1957 τῆς
1263 1924 1418 1961 ναυμα-

83 1974 194 2026 χίας,
227 1969 531 2026 ἐβουλεύσασθε
566 1967 751 2027 ἀθρόους
783 1972 963 2026 κρίνειν,
992 1972 1261 2028 παρανόμως,
1293 1975 1348 2027 ὥς
1375 1980 1420 2021 ἐν

39 2068 45 2073 -
85 2048 143 2101 τῷ
176 2041 348 2099 ὕστερον
376 2043 508 2102 χρόνῳ
535 2047 659 2086 πᾶσιν
688 2040 786 2096 ὑμῖν
816 2043 949 2092 ἔδοξε·
980 2040 1056 2086 τότ’
1086 2044 1162 2099 ε’γώ
1190 2046 1318 2101 μόνος
1338 2057 1419 2093 τε-,ἶν

85 2115 324 2170 πρυτανέων
354 2113 620 2170 ἠναντιώθην
638 2111 736 2169 ὗμῖν
756 2131 792 2158 κ,
812 2130 843 2156 τ.
865 2119 897 2156 λ.
956 2115 1098 2170 Atque
1140 2115 1253 2159 illud
1294 2119 1417 2174 ἠναν-

72 2184 241 2250 τιώθην
274 2184 383 2241 quid
422 2184 505 2240 sit,
543 2200 565 2227 e
595 2186 885 2242 Xenophonte
916 2183 1155 2238 discimus,
1199 2191 1276 2246 qui
1308 2194 1422 2234 hanc

85 2257 274 2298 eandem
304 2272 397 2299 rem
428 2259 514 2299 hoc
544 2258 680 2299 modo
712 2267 879 2298 narrat:
908 2255 1159 2315 Ἐπιστάτης
1189 2263 1232 2305 ἐν
1258 2269 1316 2321 τῷ
1347 2263 1418 2317 δή,

86 2334 153 2387 μῷ
171 2329 412 2386 γενόμενος,
445 2330 750 2385 ἕνθυμὴσαντος
770 2335 846 2372 τοῦ
866 2329 999 2384 δήμου
1021 2331 1132 2388 παρὰ
1150 2334 1247 2384 τούς
1265 2335 1421 2391 νόμους

86 2402 204 2446 ἐννέα
228 2402 475 2459 στρατηγούς
503 2407 577 2461 μιᾷ
596 2401 730 2461 ψήφῳ
759 2400 997 2446 ἀποκτεῖναι
1019 2402 1188 2458 πάντας,
1221 2404 1299 2453 οὐκ
1322 2405 1418 2461 2385-

137 2556 193 2600 15)
215 2556 359 2591 Platon.
379 2557 535 2603 Apolog.
560 2569 597 2603 p.
617 2569 673 2603 32.
696 2570 727 2592 a.
753 2558 924 2603 Xenoph.
946 2560 1157 2594 Memorab.
1186 2562 1213 2594 I.
1238 2573 1265 2593 ι,
1291 2562 1407 2595 mlv

86 2628 120 2660 4.
149 2628 180 2650 2.
213 2617 388 2652 Aeschin.
418 2619 570 2653 Axioch.
601 2631 632 2654 c.
669 2630 721 2652 12.
751 2619 866 2652 Plura
892 2632 924 2653 v.
954 2631 1013 2665 ap.
1036 2622 1169 2657 Luzae.
1189 2623 1357 2658 Probatt.
1379 2630 1418 2656 et

86 2678 240 2711 Annott.
273 2676 320 2712 ad
342 2677 408 2713 Or.
447 2677 494 2713 de
523 2679 628 2714 Socr.
656 2678 739 2718 Civr
763 2691 800 2725 p.
833 2684 888 2726 89.
919 2692 974 2726 sq.
