1706 3058
1334 92 1414 135 515

90 214 222 261 quet;
261 201 508 262 verisimile
532 211 696 242 [autem
738 212 825 250 est,
873 199 980 240 tales
1013 198 1172 248 fuisse,
1204 197 1282 254 qui
1314 214 1416 243 curn

89 275 239 330 aliqua
279 272 494 329 pecuniae
523 270 728 327 publicae
760 269 1146 312 administratione
1184 272 1417 323 conjuncti

89 357 246 389 essent.
319 347 445 385 Hanc
486 341 607 384 enim
649 351 1001 382 consentaneum
1033 353 1124 382 erat
1154 341 1210 384 iis
1243 353 1418 384 tantum

88 415 334 465 committi,
380 428 572 470 quorum
602 415 717 454 bona
747 426 825 467 pro
856 409 1047 467 pignore
1080 427 1169 454 esse
1199 412 1419 469 reipubli-

88 503 166 530 cae
205 496 398 543 possent.
470 488 612 540 Atque
652 483 944 539 imperatores
985 497 1163 538 quoque
1204 499 1278 525 eos
1319 496 1419 526 tan-

89 570 190 600 tum
220 560 290 598 lex
321 554 457 598 creari
488 555 628 608 jussit,
662 553 739 610 qui
763 554 953 595 fundum
973 552 1087 594 intra
1107 554 1278 597 Atticae
1310 556 1418 599 fines

89 627 453 686 possiderent¹²);
484 642 627 682 neque
648 641 775 668 causa
807 636 884 672 est,
917 639 997 667 cur
1017 640 1111 667 eam
1142 628 1285 681 legem
1318 630 1418 669 sub-

89 701 222 741 latam
252 713 345 740 esse
375 697 560 754 posteris
592 696 869 754 temporibus
908 707 1063 753 putes,
1110 696 1282 739 etiamsi
1323 699 1420 740 for-

89 782 204 812 tasse
236 785 327 811 non
358 785 530 826 semper
567 771 893 812 observabatur.

177 845 265 886 Sed
297 858 348 883 ex
377 841 433 882 iis
464 841 818 896 magistratubus‚
849 854 959 895 quos
990 853 1083 881 non
1100 851 1218 882 sorte
1246 842 1418 891 ductos,

90 915 167 956 sed
207 913 365 970 populi
407 912 629 968 suffragiis
669 927 842 968 semper
882 923 1050 954 creatos
1096 927 1188 954 esse
1228 925 1419 963 constat,

91 983 227 1042 primi
258 995 364 1025 sunt
394 984 682 1039 imperatores
713 983 990 1040 (Στρατηγοί).
1050 983 1110 1024 Hi
1151 983 1256 1024 deni
1288 996 1424 1040 quot-

94 1055 224 1096 annis
261 1058 546 1104 creabantur,
592 1067 709 1095 certe
740 1070 763 1095 a
804 1053 1045 1096 Clisthenis
1077 1066 1301 1110 tempore,
1341 1071 1422 1112 pro

91 1141 280 1169 numero
313 1126 526 1178 tribuum,
558 1141 669 1182 quae
701 1127 755 1166 ab
787 1127 944 1166 eodem
978 1141 1028 1166 ex
1048 1136 1238 1180 quatuor
1270 1128 1422 1169 decem

90 1199 231 1240 factae
254 1209 405 1250 erant3
437 1213 460 1239 e
491 1197 694 1239 tribubus
718 1196 841 1238 enim
871 1196 1062 1253 singulis
1094 1196 1260 1254 singuli
1286 1199 1424 1240 creari

94 1271 292 1311 solebant
326 1268 690 1324 imperatores¹’).
742 1268 1000 1324 Antiquitus
1023 1279 1170 1310 autem
1199 1268 1245 1310 hi
1270 1271 1425 1312 decem

96 1354 252 1384 omnes
271 1355 360 1382 una
390 1339 437 1380 in
464 1341 630 1380 bellum
653 1339 874 1395 proficisci
899 1339 1230 1397 imperiumque
1249 1340 1423 1382 diurnis

94 1410 275 1454 vicibus
289 1410 602 1452 administrare
632 1422 977 1460 consueverant3
1012 1423 1146 1467 atque
1168 1427 1218 1452 ex
1232 1414 1425 1455 Archon·

95 1483 216 1525 tibus
246 1483 296 1532 is,
330 1481 409 1538 qui
438 1483 750 1525 Polemarchus
782 1482 1033 1533 dicebatur,
1064 1482 1302 1524 comitatus
1334 1483 1426 1525 im-

95 1565 331 1611 peratores,
362 1565 406 1595 et
426 1553 606 1595 consilii
628 1553 849 1610 particeps
872 1566 977 1607 erat,
1010 1566 1054 1596 et
1083 1553 1133 1595 in
1164 1553 1257 1595 acie
1278 1557 1424 1597 dexte-

95 1641 198 1667 rum
238 1640 378 1668 cornu
420 1627 609 1667 ducebat
624 1631 686 1676 ¹⁴),
765 1628 852 1667 Sed
890 1627 1080 1682 posteris
1130 1626 1422 1683 temporibus,

98 1686 202 1740 cum
235 1708 278 1739 et
308 1696 503 1739 civitatis
548 1711 652 1753 opes
694 1696 903 1754 urbisque
942 1698 1202 1755 magnitudo
1234 1699 1429 1741 multum

99 1769 367 1818 crevissent,
398 1780 441 1809 et
471 1770 583 1809 bella
613 1768 930 1826 longinquiora
952 1784 1002 1811 ac
1025 1769 1306 1812 diuturniora
1334 1785 1428 1812 esse

99 1843 309 1889 solerent,
341 1842 649 1883 Polemarchus
679 1839 727 1880 in
758 1843 865 1882 urbe
894 1844 1145 1883 remanebat
1175 1843 1230 1883 ad
1261 1843 1429 1883 urbana

101 1911 281 1968 negotia
320 1909 671 1953 administranda
708 1916 868 1969 jusque
907 1912 1025 1954 inter
1063 1912 1318 1969 peregrinos
1359 1913 1430 1954 di·-

105 1985 322 2035 cendum,
365 1982 652 2037 imperatores
693 1994 840 2025 autem
880 1986 1016 2026 modo
1063 1983 1240 2038 cuncti,
1289 1986 1426 2025 modo

103 2054 269 2110 singuli
309 2065 385 2094 aut
425 2053 520 2094 bini
563 2065 639 2095 aut
683 2054 788 2095 trini
831 2055 979 2097 emitti
1019 2057 1245 2105 solebant,
1297 2067 1429 2112 atque

105 2137 181 2168 aut
211 2140 328 2166 unus
360 2124 538 2181 reliquis
560 2125 769 2177 omnibus
786 2138 996 2183 praeerat,
1026 2137 1103 2168 aut
1124 2128 1278 2169 'omnes
1310 2141 1428 2169 com-

105 2195 235 2239 muni
278 2195 470 2238 consilio
513 2213 603 2238 rem
644 2197 1034 2246 administrabant,
1082 2209 1158 2240 aut
1197 2198 1274 2240 alii
1316 2211 1429 2240 terra

108 2267 185 2309 alii
217 2267 349 2316 mari,
384 2278 459 2308 aut
488 2267 565 2308 alii
597 2267 646 2309 in
677 2269 772 2311 aliis
802 2269 1052 2327 provinciis
1079 2270 1429 2330 imperabant¹⁵).

157 2424 215 2467 12)
242 2424 422 2461 Dinarch.
449 2425 488 2458 in
513 2426 710 2463 Demosth.
736 2438 771 2472 p.
799 2440 855 2474 99.

159 2493 216 2537 15)
244 2492 429 2527 Plutarch.
459 2494 605 2529 Cimon.
635 2507 713 2541 cap.
741 2502 772 2536 8.

159 2562 216 2605 14)
243 2561 423 2597 Herodot.
449 2564 511 2597 VI.
550 2577 627 2611 ¹09·
657 2578 732 2601 110.
762 2578 838 2602 111.

160 2632 217 2674 15)
244 2631 413 2677 Thucyd.
440 2633 470 2666 Ι.
496 2643 553 2677 45.
580 2634 635 2669 61.
663 2636 712 2669 ΙΙ.
739 2641 795 2680 58.
818 2649 873 2684 70.
900 2650 957 2685 79.
984 2639 1057 2681 ΙΙΙ,
1084 2638 1139 2677 86.
1168 2645 1220 2683 9ῐ.
1243 2645 1313 2680 115.
1340 2635 1438 2669 aliis-
