1706 3058
252 69 274 84 1*

250 82 330 112 412²

253 186 299 217 et
327 173 468 231 ipsos,
500 169 613 212 sicut
642 177 813 210 ceteros
842 179 995 209 omnes
1024 169 1226 224 legatosa
1255 170 1417 224 populo
1449 182 1564 212 crea·

253 258 320 288 tos
350 259 440 286 esse
471 248 555 296 jam
586 240 688 280 arite
719 237 923 282 diximus.
953 263 1011 273 —-
1067 239 1271 295 Denique
1307 241 1565 296 legabantur

253 325 575 368 nonnunquam
607 323 629 351 a
660 311 826 366 populo
857 311 913 351 ad
943 311 1257 366 explorandum
1279 309 1565 353 mercenaria-

253 403 354 430 rum
394 383 622 439 copiarum
663 396 900 422 numerum
952 381 1082 437 legati
1125 381 1329 436 quidam,
1371 384 1570 432 ἐξετασταὶ

251 466 332 503 τῶν
375 458 518 507 ξένων,
559 468 614 494 nc
657 453 854 494 fraudem
894 452 1165 509 reipublicae
1206 453 1345 493 facere
1386 461 1569 508 possent

249 532 538 584 imperatores
575 529 814 576 majorem,
846 537 977 579 quam
1010 537 1090 579 pro
1121 537 1229 564 vero
1259 523 1455 564 militum
1486 537 1568 564 nu-

251 612 373 642 mero
403 594 619 652 stipendii
650 609 872 636 summam
894 596 1166 650 postulantes
1178 595 1245 647 ἐ),
1303 593 1363 636 Hi
1395 608 1574 652 quoque

249 667 382 727 legati
414 669 686 723 χειροτονητοί
713 668 915 718 ernust).

335 738 578 793 Reliquum
609 747 694 783 est,
733 746 783 776 ut
813 736 1061 785 videamus,
1103 738 1332 794 quomodo
1370 736 1436 778 illi
1476 743 1574 778 τοι-ι’

250 811 453 870 gistratus
485 822 507 848 a
537 807 707 863 populo
738 806 874 847 creati
907 807 1011 848 sint.
1072 807 1274 850 Primum
1315 806 1451 864 igitur
1487 822 1573 851 no..

252 895 349 926 tum
383 891 467 928 cst,
508 876 690 920 comitia
732 877 1067 934 magistratuum
1110 880 1400 920 creandorum
1439 877 1577 935 ἀρχαι-

251 958 389 1012 ρεσίας
436 949 602 1000 dicim).
687 951 808 990 Haec
855 948 988 990 etiarn
1038 948 1244 990 extremis
1283 950 1575 1006 temporibus,

253 1041 354 1068 cum
396 1025 449 1064 de
488 1019 668 1076 reliquis
709 1020 921 1061 omnibus
950 1023 1080 1062 rebus
1111 1023 1302 1078 populus
1334 1020 1380 1062 in
1410 1020 1575 1064 Bacchi

252 1099 424 1138 theatro
463 1091 722 1148 congregari
761 1092 941 1140 soleret,
995 1091 1045 1132 in
1089 1094 1236 1145 Pnyce
1285 1092 1434 1134 habita
1481 1106 1577 1135 esse

253 1163 543 1210 Grammatici
567 1162 861 1216 testantur⁵⁹).
923 1163 1262 1205 Ordinariorum
1293 1163 1577 1219 magistratu-

250 1254 329 1281 um
352 1233 567 1278 creationi
601 1245 719 1275 certa
746 1244 943 1288 tempora
968 1232 1141 1289 legibus
1163 1235 1403 1276 constituta
1424 1234 1574 1285 fuisse,

250 1304 631 1352 verisimillimum
653 1312 740 1350 θεῖς
773 1305 851 1344 sed
879 1317 944 1344 res
977 1303 1154 1346 idoneis
1177 1304 1362 1346 testibus
1379 1305 1576 1364 caret⁶⁰).

253 1383 371 1423 Nam
405 1376 524 1433 quod
555 1375 876 1417 Grammaticus
908 1375 1152 1431 quidam⁶¹)
1193 1376 1349 1429 tradit,
1389 1388 1581 1435 quatuor

296 1525 357 1570 56)
386 1522 468 1557 vid.
497 1523 560 1569 qui
583 1523 784 1567 laudantur
806 1533 828 1557 a
851 1520 1056 1566 Boeckhio,
1090 1523 1120 1558 Ι.
1159 1535 1197 1569 p.
1223 1534 1302 1570 515>-

295 1595 356 1641 57)
384 1592 556 1626 Aeschin.
582 1593 621 1626 in
644 1591 834 1626 Timarch.
860 1603 897 1637 p.
926 1603 1002 1637 ¹31·

299 1664 361 1708 58)
399 1661 569 1706 Xenoph.
604 1660 815 1719 Mefnorab.
850 1660 918 1694 ΙΙΙ.
951 1672 985 1704 4.
1022 1673 1050 1694 ι.
1089 1661 1144 1695 Cf.
1171 1661 1355 1708 συναγωγή
1381 1662 1454 1707 λεξ.
1477 1676 1579 1710 χρησ.

251 1727 293 1760 in
316 1722 478 1758 Bekkeri
503 1720 641 1754 Aneed.
667 1721 697 1754 Ι.
725 1732 760 1765 p.
786 1732 889 1765 449.‚
917 1720 979 1754 ubi
1005 1721 1206 1764 docemur,
1240 1723 1340 1767 quod
1373 1724 1488 1758 etiam
1513 1725 1580 1760 ali-

253 1785 354 1821 unde
377 1795 455 1818 non
487 1782 680 1826 ignotum,
713 1780 901 1824 pluralem
929 1786 1073 1814 tantum
1102 1781 1211 1824 hujus
1245 1783 1416 1817 vocabuli
1444 1796 1578 1819 nume—

252 1857 338 1880 rum
361 1856 419 1890 ap.
446 1842 588 1876 Atticos
614 1839 797 1874 usitatum
822 1851 913 1873 esse.
962 1841 1168 1885 Singularis
1205 1848 1326 1876 exstat
1357 1855 1417 1888 ap.
1455 1845 1579 1879 Hero-

254 1907 331 1940 dot.
354 1906 415 1938 v1.
443 1908 497 1948 58-
526 1903 586 1936 De
611 1892 733 1933 fo'rma
765 1900 901 1944 plurali
935 1897 1151 1946 ἀρχαιρέσια
1183 1903 1252 1936 νῑᾱ.
1290 1904 1446 1939 Moeris.
1479 1906 1578 1941 isaei

252 1969 381 2009 locus,
408 1965 454 1999 de
479 1960 695 2009 Apollodor.
720 1959 848 1994 hered.
875 1972 909 2004 p.
938 1961 992 1994 66.
1024 1971 1072 2005 15·
1101 1969 1299 2009 corruptus
1323 1969 1392 1999 est.

300 2037 358 2081 59)
386 2034 518 2069 Pollux
551 2031 651 2065 VIII.
690 2040 764 2073 154·
797 2029 959 2073 Hesych.
993 2030 1033 2063 in
1067 2027 1192 2074 Πνῦξ,
1226 2033 1332 2076 cujus
1365 2034 1579 2070 observatio

255 2096 424 2142 pertinet
448 2094 494 2127 ad
518 2105 562 2127 ea
585 2098 772 2136 tempora,
797 2099 881 2122 cum
906 2090 974 2123 sub
997 2091 1257 2126 Romanorum
1278 2092 1452 2138 imperio,
1476 2096 1578 2129 su'm·

257 2167 341 2189 mus
375 2154 527 2188 Athenis
562 2152 799 2197 magistratus
831 2156 932 2184 esset
966 2162 1059 2185 unus
1091 2152 1295 2198 Strategus.
1322 2153 1401 2188 Vid.
1429 2155 1573 2190 Corsin.

256 2218 294 2250 F.
321 2217 362 2249 A.
387 2216 486 2249 Diss.
512 2215 540 2248 Ι.
567 2224 627 2246 ηο.
652 2217 707 2257 58.

304 2285 364 2327 60)
390 2285 450 2317 De
474 2282 673 2315 sortitione
696 2280 981 2325 magistratuum
1004 2281 1081 2315 tale
1106 2281 1195 2326 quid
1220 2282 1353 2326 conjici
1383 2288 1511 2328 potest
1533 2294 1579 2319 ex

256 2344 508 2388 Inscriptione
533 2353 589 2386 ap.
617 2341 756 2375 Bfickh.
782 2341 873 2374 Tah.
909 2342 955 2375 II.
980 2353 1042 2375 no,
1069 2342 1136 2376 ΙΙΙ.
1166 2344 1305 2387 Tantae
1338 2340 1376 2378 δὲ
1410 2339 1581 2380 ἄποινα-

258 2401 382 2450 μιῦειν
405 2401 544 2440 τούτων
567 2402 641 2437 τῶν
666 2399 882 2448 χρημάτων,
912 2398 1074 2448 ὅτανπερ
1095 2400 1159 2437 τοῖς
1179 2401 1291 2438 ἄλλοις
1317 2399 1438 2450 ἀρχάς.

309 2473 367 2515 61)
395 2473 500 2504 Auct.
538 2481 679 2516 argum.
716 2482 747 2504 2.
782 2469 828 2503 ad
858 2469 970 2503 Dem.
1005 2481 1058 2503 or.
1093 2470 1132 2503 in
1156 2470 1308 2504 Androt.
1336 2483 1372 2516 p.
1396 2481 1490 2517 59o.,
1513 2471 1578 2507 ubi

261 2543 331 2577 pro
355 2529 420 2567 δύο
441 2528 577 2576 ἡμέρας
604 2530 807 2574 legendum
831 2540 912 2563 esse
947 2532 1123 2576 τέσσαρας
1138 2528 1293 2576 ἡμέρας,
1332 2533 1408 2576 jam
1431 2532 1495 2567 alii
1517 2533 1577 2570 in·-

259 2593 500 2628 tellexerunt.
536 2590 616 2624 Vid.
642 2591 792 2635 Taylor.
820 2588 867 2624 ad
890 2589 925 2623 h.
954 2590 979 2623 1.
