1706 3058
1353 171 1406 227 93

26 331 30 334 θ
76 279 453 336 Byzantium-um,
503 280 622 336 apud
663 277 1010 319 Demosthenem
1050 278 1104 317 de
1145 277 1407 329 Corona'¹³):

76 352 269 408 δεδόχθαι
297 358 356 411 τῷ
383 349 497 410 δάμῳ
527 357 586 408 τῷ
615 352 848 400 Βυζαντίων
877 352 945 392 καὶ
986 353 1246 406 Περινθίων,
1273 348 1435 404 Ἀθη--

75 428 209 475 ναίοις
229 421 352 480 δόμεν
370 447 426 456 ·-
446 446 501 455 --
516 422 708 466 πόθοδον
729 423 820 464 ποτὶ
841 421 914 464 τᾶν
933 421 1073 477 βωλὰν
1093 423 1163 466 καὶ
1181 419 1254 465 cdv
1273 424 1407 475 δᾶμον

75 495 246 553 πράτοις
265 495 362 549 μετὰ
380 494 427 538 τὰ
443 493 542 551 ἱερά.

526 746 691 792 C‘AP
716 746 829 793 UT
860 746 956 792 IX.

352 857 436 900 De
501 856 745 899 Sena-tas
811 855 1128 903 consultis.

160 1021 333 1064 Referri
363 1023 418 1063 ad
450 1022 670 1077 populum
702 1023 826 1062 nulla
862 1024 917 1062 de
960 1036 1006 1062 re
1036 1036 1115 1078 per
1145 1021 1264 1077 leges
1293 1019 1410 1064 lice·-

75 1095 172 1146 bat,
213 1090 299 1133 nisi
340 1094 395 1134 de
435 1107 519 1149 qua
561 1095 746 1134 Senatus
789 1094 1046 1134 consultum
1078 1103 1207 1134 antea
1238 1093 1411 1135 factum

76 1176 121 1207 et
142 1164 311 1221 populo
329 1163 613 1220 propositum
630 1176 768 1212 esset;
803 1174 982 1219 eratque
1002 1165 1087 1205 hoc
1115 1163 1411 1221 praecipuum

76 1240 264 1280 Senatus
307 1235 536 1285 officium,
579 1247 630 1276 ut
670 1249 739 1277 res
779 1246 933 1276 omnes
977 1234 1103 1292 quasi
1133 1247 1411 1292 praepararet

75 1306 371 1364 comitiorum
404 1306 721 1349 deliberationi
734 1313 785 1358 ¹),
826 1322 970 1364 neque
998 1308 1110 1348 ultra
1141 1311 1230 1350 hoc
1261 1319 1411 1350 aucto-

74 1377 218 1421 ritatis
259 1393 364 1421 suae
401 1381 568 1436 populo
606 1381 921 1435 proponendae
959 1383 1028 1432 jus
1060 1381 1201 1421 ullam
1231 1378 1280 1420 in
1310 1381 1410 1436 ple-

76 1450 224 1507 risque
255 1453 386 1492 rebus
428 1449 672 1503 majoribus
715 1462 983 1506 potestatem
1022 1452 1223 1493 habebat.
1294 1454 1412 1494 Nam

79 1538 192 1580 quae
221 1520 401 1577 negotia
421 1524 671 1576 Xenophon
695 1524 750 1562 ad
781 1522 911 1562 inum
933 1521 1206 1577 pertinuisse
1235 1537 1410 1565 memo-

76 1595 218 1648 rat²)‚
273 1594 328 1633 de
365 1593 480 1633 bello
521 1603 564 1632 et
602 1606 731 1648 pace,
776 1593 830 1633 de
870 1592 1124 1640 reditabus,
1167 1594 1221 1634 de
1257 1595 1411 1650 legum

78 1663 332 1711 lationibus‚
366 1665 420 1704 de
449 1663 598 1716 sociis,
630 1662 820 1719 aliisque
850 1664 903 1705 de
921 1666 1051 1705 rebus
1081 1652 1275 1720 publicis,
1307 1679 1410 1706 con-

78 1737 246 1786 sulere,
278 1733 510 1775 navalium
542 1746 586 1776 et
615 1748 840 1776 sacrorum
872 1749 1022 1776 curam
1052 1749 1200 1791 gerere
1211 1750 1224 1785 ;
1260 1737 1314 1777 de
1339 1735 1411 1777 his

77 1805 292 1860 amnibus
321 1797 473 1847 statui'
498 1816 645 1848 tamen
687 1816 730 1847 et
769 1804 945 1847 definiri
987 1805 1106 1847 nihil
1136 1805 1290 1861 potuit
1320 1805 1409 1847 nisi

78 1894 104 1923 a
132 1879 325 1936 populo,
364 1887 675 1933 praeterquam
718 1876 758 1918 si
788 1877 896 1934 quid
935 1879 1123 1920 Senatus
1166 1875 1353 1919 arbitrio
1386 1893 1411 1919 a

78 1951 249 2008 populo
279 1947 550 2006 permissum
589 1954 766 2003 esset³);
817 1952 872 1992 de
914 1948 1010 1991 aliis
1050 1951 1180 1992 rebus
1212 1949 1411 1994 minori-

94 2066 100 2078 ‘
129 2076 186 2120 15)
211 2085 248 2120 p.
275 2085 352 2120 255.
381 2076 459 2120 256.

129 2145 164 2189 ι)
189 2157 222 2179 v.
247 2144 436 2179 Plutarch.
463 2144 591 2180 Solon.
619 2159 650 2181 c.
682 2160 734 2194 19.

96 2203 162 2258 ¹2)
198 2214 260 2248 De
291 2213 385 2259 Rep.
421 2214 506 2249 Ath.
542 2217 614 2251 ΙΙΙ.
648 2217 682 2263 §.
721 2229 752 2253 2.
789 2215 856 2264 τήν
885 2215 1025 2265 βουλήν
1056 2214 1300 2264 βουλεῦεσθαι
1325 2216 1410 2262 (δεῖ)

81 2272 201 2312 πολλαὶ
225 2274 292 2320 μὲν
316 2279 401 2322 περὶ
427 2275 496 2312 τοῦ
515 2277 703 2324 πολὲμσυ,’
732 2277 856 2315 πολλοὶ
881 2278 917 2315 δὲ
942 2284 1028 2325 περὶ
1052 2275 1173 2323 πόρου
1197 2277 1412 2324 χρημάτων,

82 2333 204 2372 πολλοὶ
229 2333 267 2370 δὲ
291 2341 376 2381 περὶ
400 2333 525 2383 νόμων
548 2341 706 2382 θέσεως,
741 2340 863 2376 πολλαὶ
895 2339 932 2376 δὲ
955 2345 1041 2387 περὶ
1066 2339 1141 2375 τῶν
1173 2339 1270 2375 naz-02
1295 2338 1410 2375 πόλιν

85 2393 140 2431 αἐὶ
163 2400 416 2443 γιγνομένων,“
434 2397 556 2434 πολλοὶ
580 2397 618 2434 δὲ
641 2404 703 2434 καὶ
728 2402 807 2437 τοῖς
829 2396 1053 2446 συμμάχοις,
1080 2404 1142 2435 καὶ
1168 2399 1285 2446 φόρον
1310 2398 1412 2443 δέξα-

83 2459 198 2499 σθἀι,
233 2462 294 2493 καὶ
319 2461 480 2504 νεωρίων
512 2457 786 2505 ἐπιμεληθῆναι
808 2467 870 2497 καὶ
896 2459 1016 2507 ἱερῶν.

130 2541 167 2584 3)
202 2541 261 2574 Ita
299 2551 332 2575 e.
360 2555 391 2577 c.
417 2530 714 2588 Demosthenes}
750 2545 796 2579 de
828 2545 910 2580 fals.
948 2545 1023 2591 leg.
1059 2558 1096 2591 p.
1121 2551 1202 2592 389.
1253 2543 1408 2580 Senatui

84 2600 286 2635 arbitrium
309 2602 452 2638 factum
475 2609 615 2646 narrat,
641 2606 828 2640 statuendi
844 2606 892 2640 de
914 2607 1154 2652 profectione
1177 2607 1403 2652 legatorum.

84 2660 193 2705 Apud
216 2663 400 2707 eundem,
427 2665 483 2711 de¹
499 2667 635 2700 Coron.
662 2677 698 2710 p.
726 2678 803 2712 249.
830 2673 949 2701 exstat
971 2667 1202 2712 Psephisma,
1229 2677 1302 2711 quo
1327 2676 1411 2709 per-

85 2721 248 2756 mittitur
273 2724 429 2759 Senatui
447 2726 709 2772 eligendorum
733 2727 944 2774 legatorum
969 2733 1147 2772 potestas.
1201 2724 1306 2770 Apud
1338 2727 1408 2758 An·
