1706 3058
1350 85 1428 128 251

97 211 195 240 rum
235 206 328 238 erat
369 194 533 246 actori,
571 207 777 238 accusare
818 207 924 237 eum
966 202 1010 236 et
1039 192 1089 234 in
1118 190 1288 246 judicio
1327 207 1429 248 per-

93 270 234 327 sequi.

178 341 392 384 Traditur
422 349 568 380 autem
601 353 625 381 a
656 336 991 386 Grammaticis,
1024 336 1160 379 moris
1192 334 1346 383 fuisse.
1376 347 1429 377 ut

91 413 141 454 in
178 412 321 470 prima
363 414 580 466 cujusque
625 410 864 463 Prytaniae
905 409 1118 463 ecclesia,
1163 422 1272 465 quae
1303 411 1428 462 κυρία

92 483 344 533 dicebatur,
394 485 705 538 ἐπιχειροτονίαι
756 483 811 522 de
859 481 1202 536 magistratubus
1252 478 1424 528 fierent,

89 555 122 597 i.
155 570 192 601 e,
233 564 284 596 ut
322 566 551 610 rogaretur
592 570 614 595 a
659 567 824 594 novem
874 550 1170 594 Archontibus
1218 550 1426 605 populus,

86 625 408 667 viderenturne
438 625 717 682 magistratus
748 623 897 666 officio
930 638 1010 665 suo
1042 633 1160 664 recte
1193 618 1336 675 fungi,
1369 634 1426 661 an

88 711 240 744 secus3
275 695 354 752 qui
387 699 679 752 probarentur
707 697 898 752 populo,
942 694 988 737 in
1021 697 1192 735 honore
1222 706 1423 747 perman-

85 769 223 816 sisse;
268 767 343 826 qui
378 767 619 824 deliquisse
657 767 944 820 viderentur,
986 763 1248 821 magistratu
1278 760 1421 818 priva·

86 851 155 882 tos
199 844 351 894 esse‘).
413 843 508 881 Hae
546 842 855 896 ἑπιχειροτονίαι
896 853 947 879 eo
998 835 1189 878 maxime
1231 832 1420 874 consilio

87 910 322 953 institutae
352 911 587 960 videntur,
621 922 696 959 ut,
745 911 781 952 si
821 910 920 967 quis
963 911 1165 955 haberet,
1207 907 1327 962 quod
1367 905 1422 945 de

85 987 370 1039 magistratus
403 982 592 1033 alicujus
624 983 674 1022 in
707 980 1030 1034 rempublicam
1072 990 1149 1020 aut
1188 978 1232 1018 in
1266 976 1421 1033 priva-

84 1065 182 1095 tum
215 1053 471 1110 quempiam
505 1052 678 1095 delictis
709 1064 990 1110 quereretur,
1033 1050 1082 1091 id
1120 1053 1206 1092 hoc
1238 1050 1311 1091 die
1342 1063 1418 1106 po·

82 1126 191 1181 pulo
222 1136 493 1180 proponeret
526 1136 568 1166 et
598 1125 812 1182 npossomffv
851 1125 1029 1165 faceret.
1089 1124 1244 1178 Neque
1276 1121 1418 1170 aliter,

83 1208 135 1239 ut
163 1207 300 1253 puto,
331 1194 593 1251 suffragium
617 1198 671 1237 de
701 1195 1031 1252 magistratibus
1061 1210 1083 1235 a
1107 1195 1277 1250 populo
1311 1190 1417 1233 ferri

81 1279 281 1326 poterat,
313 1265 403 1308 nisi
434 1266 471 1307 si
503 1266 601 1323 quis
632 1278 767 1320 esset,
815 1266 892 1323 qui
924 1281 998 1308 eos
1031 1264 1344 1308 criminaretur
1376 1273 1420 1305 et

82 1340 294 1397 προβολήν
313 1338 594 1388 institueret;
630 1339 707 1396 qui
730 1350 877 1381 autem
904 1355 925 1380 a
946 1338 1130 1381 nemine
1162 1349 1416 1378 accusaren-

81 1422 178 1462 tur,
221 1413 275 1452 de
305 1410 360 1452 iis
393 1412 516 1452 nulla
548 1422 639 1453 erat
676 1414 1027 1469 sntxscqoroviff)
1089 1410 1300 1453 Ceterum
1334 1409 1418 1449 Ar„

128 1537 166 1580 8)
193 1537 274 1571 vid.
301 1539 525 1583 Harpocran
555 1549 584 1573 ε.
611 1551 644 1573 ν.
673 1541 780 1584 κυρία
803 1538 983 1582 ἐκκλησία.
1010 1536 1144 1571 Pollux
1166 1536 1272 1569 VIII.
1299 1543 1355 1579 95.
1379 1539 1416 1567 et

84 1603 141 1644 87.
169 1598 218 1632 cf.
245 1598 346 1633 Suid.
373 1599 413 1632 in
437 1601 545 1644 κυρία
568 1597 662 1634 Exul..
714 1601 863 1634 Nomen
886 1598 1180 1642 ἑπιχειροτονίας
1202 1597 1274 1630 hac
1299 1595 1346 1629 de
1371 1606 1415 1629 re

85 1666 143 1694 est
167 1659 208 1692 in
233 1665 327 1694 orat.
353 1660 394 1692 in
417 1659 618 1694 Theocrin.
646 1671 683 1704 p.
713 1671 811 1705 1350.

128 1730 166 1776 9)
191 1729 419 1774 Exemplum
453 1729 639 1772 ejusmodi
672 1728 972 1776 ἐπιχειροτονιῶν
1005 1729 1120 1764 habet
1155 1734 1286 1762 auctor
1320 1731 1412 1760 orat.

30 1838 36 1840 Ὗ
84 1790 125 1824 in
149 1789 354 1824 Theocrin.
380 1802 416 1834 p.
447 1801 546 1834 1550.
575 1787 636 1825 ὃιοῖ
659 1787 728 1833 τήν
745 1789 877 1827 τούτου
891 1793 1074 1836 πονηρίαν
1101 1790 1181 1834 (τοῦ
1201 1788 1414 1833 Θεοκρίνου)

81 1847 240 1895 οἷὸελφὸς
259 1847 372 1886 αὸτοῐὶ
388 1849 648 1895 θεσμοθετῶν,
669 1856 729 1886 καὶ
746 1849 864 1895 τούτῳ
883 1849 1066 1896 χρώμενος
1075 1848 1278 1896 συμβοῦλῳ,
1298 1845 1417 1884 rotoi-

82 1922 144 1956 τος
168 1909 269 1954 ἔδοξε
292 1907 380 1955 παρ’
403 1908 490 1955 ὖμῖν
515 1910 622 1952 εἶναι,
649 1907 732 1946 ὥστ’
756 1908 799 1947 ου’
821 1908 938 1957 μόνον
951 1907 1058 1945 αὖτός
1081 1906 1414 1954 ἀπεχειροτονήθη,

83 1971 158 2006 τῶν
182 1970 483 2016 ἐπιχειροτονιῶν
511 1969 649 2013 οὗσόῖν,
678 1968 773 2007 οἷλλιί
795 1976 855 2008 καὶ
881 1971 950 2018 τήν
973 1970 1087 2017 α’ρχήν
1111 1969 1260 2006 ἅτασαν
1286 1971 1415 2013 (omne

84 2030 180 2065 illud
202 2031 561 2065 Thesmothetarum
586 2032 802 2077 collegium)
830 2034 989 2077 ἐποίησε·
1015 2039 1074 2068 καὶ
1102 2031 1135 2067 εἰ
1154 2030 1206 2076 μή
1231 2028 1415 2075 δεομένων

84 2090 207 2129 αὕτιῖίν
231 2095 292 2127 καὶ
318 2088 553 2127 ἱκετευόντων
575 2096 636 2127 καὶ
662 2091 860 2139 λεγόντων,
888 2092 934 2128 αἶς
958 2091 1023 2129 ov'n
1048 2092 1103 2128 ἔτι
1127 2089 1295 2137 πρόσεισι
1321 2095 1416 2127 Θεο-

82 2151 207 2200 ἀρίνης
230 2151 324 2199 πρδς
346 2151 415 2196 τήν
439 2149 565 2197 ἅρχὴν,
590 2152 786 2198 ἐπείσθητε
807 2152 909 2200 ὗμεῖς
929 2158 990 2189 καὶ
1008 2151 1122 2188 πάλιν
1146 2150 1307 2188 ἀπέδοτε
1329 2151 1415 2188 roric

82 2211 282 2261 στεφάνους
306 2209 451 2257 αὐτοῖς,
483 2211 633 2250 πάντων
658 2213 703 2249 ἂν
728 2215 895 2258 αἴσχιστοι
931 2212 971 2251 οἱ
992 2212 1227 2257 συνάρχοντες
1253 2211 1415 2248 ἐπεπόν-

82 2273 228 2311 θεισαν.
288 2274 545 2317 Theocrines‚
589 2287 610 2309 a
648 2275 767 2310 fratre
809 2287 875 2310 suo
918 2273 1099 2320 πάρεδρος
1132 2280 1312 2308 assumtus
1351 2273 1414 2316 (de

25 2367 31 2370 .
84 2334 260 2369 Paredris
285 2335 358 2369 vid.
385 2336 536 2380 Taylor.
574 2336 622 2370 ad
644 2336 681 2370 h.
708 2337 750 2380 1.)
776 2337 878 2371 hunc
896 2343 933 2371 et
949 2336 1116 2382 reliquos
1135 2335 1300 2380 collegas
1322 2346 1409 2368 con-

86 2395 181 2429 siliis
217 2395 290 2429 suis
326 2396 366 2430 in
396 2397 487 2431 talia
520 2404 674 2442 peccata
704 2398 920 2441 induxerat,
965 2404 1005 2432 ut
1036 2398 1076 2431 in
1108 2396 1289 2438 comitiis,
1324 2407 1411 2429 cum

88 2454 378 2501 ἓπιχειροτονιάι
402 2464 552 2501 essent,
579 2459 755 2506 querelae
780 2459 826 2493 de
855 2459 900 2492 iis
933 2465 1199 2500 moverentur,
1235 2457 1410 2502 populus-

24 2546 37 2551 ,
89 2527 164 2562 que
198 2527 262 2550 eos
295 2528 426 2552 omnes
459 2519 605 2554 honore
646 2520 834 2565 privaret,
873 2532 999 2566 neque
1040 2519 1145 2566 prius
1179 2519 1412 2559 restitueret,

87 2588 202 2623 quam
233 2577 394 2623 polliciti
427 2587 572 2622 essent,
610 2592 652 2618 se
682 2592 875 2628 nunquam
910 2581 948 2616 in
973 2587 1170 2628 posterum
1192 2578 1413 2614 Theocrinis

90 2638 247 2672 consilio
274 2649 419 2675 usuros.
719 2648 722 2651 ’
