1706 3058
197 195 315 224 xvut

199 293 380 346 Itaque,
421 285 549 330 brevi
577 296 680 343 post
713 285 1002 329 Salaminiam
1035 286 1280 331 victoriam
1312 298 1527 346 tempore.

197 359 437 410 Aristides,
468 361 585 400 haud
607 357 846 400 mediocris
865 369 991 400 antea
1017 359 1305 415 optimatium
1324 376 1528 418 propug-

201 444 351 479 nator.
387 429 574 482 tempori
601 431 849 471 cedendum
868 441 1002 478 ratus,
1031 430 1174 487 legem
1202 431 1330 480 tulit,
1363 442 1414 474 ut
1435 432 1532 474 cui·

202 503 312 544 libet
339 503 426 544 civi
443 534 453 550 ‚
487 503 614 542 nullo
637 500 840 542 classium
870 499 1144 549 discrimine,
1169 501 1305 544 etiam
1328 505 1382 544 ad
1401 519 1530 546 sum-

201 589 300 616 mos
332 577 524 614 honores
554 572 703 614 aditus
737 575 976 629 pateret*).
1005 599 1062 606 -
1114 576 1205 614 Jam
1239 588 1369 622 vero,
1403 585 1529 631 parto

201 643 408 688 Aristidis
436 643 730 700 Cimonisque
749 644 917 685 virtute
947 645 1079 686 maris
1112 644 1324 701 imperio,
1359 644 1532 687 ditato-
1581 684 1590 691 ,

203 732 290 773 que
312 718 614 767 subjectarum
639 713 873 757 civitatum
905 714 1084 756 tributis
1104 717 1293 767 aerario,
1325 716 1532 758 ambitio-

201 787 239 828 si
266 786 475 827 homines
488 784 923 841 perniciosissimum
945 785 1221 841 publicarum
1241 788 1536 844 largitionum

199 873 372 899 mort-m
414 857 462 897 in
505 856 734 897 civitatem
786 856 1000 898 invehere
1041 869 1296 913 coeperunt.
1355 858 1533 900 Primus

201 929 416 975 Pericles,
459 927 603 983 plebis
643 939 910 982 potestatem
948 942 1139 983 angens,
1180 939 1230 969 ut
1270 927 1396 984 ipse,
1437 933 1533 981 ejus

202 1000 356 1043 studio
383 1011 426 1040 et
450 1000 601 1040 favore
635 999 810 1050 adjutu.
827 1031 837 1047 ‚
866 999 1024 1040 clarior
1051 1000 1364 1056 potentiorque
1395 1000 1532 1048 fieret,

200 1073 452 1113 mercedem
476 1084 708 1110 causarum
723 1071 1012 1120 iudicatarum
1033 1070 1258 1122 judicibus
1280 1069 1533 1119 constituit,

201 1144 247 1187 τὰ
272 1141 504 1186 δικαστικόν
519 1141 602 1192 **).
663 1145 766 1192 Ejus
788 1143 1039 1196 exemplum
1063 1152 1261 1190 secutus,
1294 1141 1534 1198 Agyrrhius

204 1211 492 1267 Collyttensis
513 1211 695 1252 comitia
711 1227 886 1269 quoque
907 1212 1177 1255 mercenaria
1199 1212 1321 1261 fecit,
1343 1212 1537 1254 induxit-'

206 1300 293 1343 que
311 1285 356 1328 τὰ
377 1284 815 1338 {nnkn61oe6t2x6v**“)
856 1289 1034 1341 Itaque,
1067 1300 1171 1326 cum
1194 1296 1297 1327 ante
1321 1288 1407 1327 hoc
1427 1295 1533 1325 tem-

204 1371 292 1414 pus
313 1354 607 1397 tenuissimus
635 1355 847 1411 quisque,
882 1355 1007 1412 operi
1038 1357 1090 1396 acl
1120 1355 1289 1398 victum
1315 1362 1538 1412 quaerena

206 1431 314 1470 dum
346 1426 578 1475 intentus,
620 1430 775 1482 procul
806 1443 827 1468 a
861 1426 1088 1482 republica
1117 1427 1256 1468 vitam
1294 1427 1534 1474 habuisset,

204 1505 294 1552 jam
313 1496 525 1554 praemiis
561 1497 659 1539 istis
687 1498 950 1554 propositis,
983 1499 1154 1555 ingrato
1183 1498 1326 1541 labori
1359 1496 1538 1539 facilem

184 1557 485 1624 *judiciorum
506 1568 887 1624 comitiorumque
918 1579 1150 1625 quaestum
1177 1583 1332 1611 omnes
1362 1567 1540 1624 praefe-

206 1643 389 1688 rebant,
423 1651 490 1688 et,
524 1651 576 1682 ut
595 1640 913 1696 Aristophaneo
945 1642 1097 1697 lepore
1126 1652 1245 1689 utar,
1282 1641 1540 1683 Colacreta-

204 1727 307 1755 rum
339 1713 453 1752 lacte
496 1711 594 1753 sine
625 1713 788 1753 sudore
826 1723 868 1753 et
904 1712 1126 1753 molestiis
1164 1710 1540 1767 alebantur****).

205 1789 270 1826 lta
301 1794 344 1824 et
373 1782 421 1823 in
449 1783 630 1834 judiciis
668 1793 711 1824 et
740 1782 790 1823 in
827 1782 1021 1824 comitiis
1064 1783 1276 1839 omnique
1313 1781 1540 1839 republica

257 1904 289 1945 n)
316 1901 507 1934 Plutarch.
534 1898 684 1932 Aristid.
720 1911 751 1932 c.
783 1912 836 1934 22.
864 1899 914 1933 cf.
941 1901 1051 1934 Petit.
1079 1902 1120 1934 L.
1148 1902 1187 1935 L.
1218 1902 1258 1934 A.
1291 1901 1333 1934 A.
1368 1902 1418 1934 ΙΙ.
1439 1912 1472 1946 3.
1500 1911 1538 1946 p.

306 1974 385 2006 203.
406 1981 451 1987 -
476 1963 656 1995 Ceterum
676 1971 720 1993 ex
739 1959 811 1993 hoc
830 1967 1004 2004 tempore
1023 1961 1219 2006 paullatim
1241 1962 1440 1996 obliterata
1456 1973 1542 1996 esse

302 2023 450 2056 videtur
466 2027 569 2055 vetus
584 2020 647 2053 illa
666 2020 838 2054 classium
851 2021 1065 2066 descriptio,
1097 2021 1142 2054 ud
1163 2021 1366 2056 fundorum
1385 2017 1540 2055 modum

304 2083 560 2117 accomodata.
614 2083 847 2127 Quamquam
875 2083 1040 2127 aliquem
1068 2089 1172 2116 certe
1201 2094 1354 2116 censum
1381 2081 1540 2128 requisi-

304 2150 387 2177 tum
407 2155 487 2177 esse
507 2143 547 2176 in
576 2144 643 2186 iis,
671 2142 734 2188 qui
762 2143 809 2176 ad
833 2142 1055 2177 archontum
1079 2143 1264 2177 honorem
1288 2142 1436 2176 admitti
1462 2141 1540 2176 vel·

310 2207 389 2238 lent
404 2230 413 2246 ,
439 2211 542 2248 patet
561 2215 604 2237 ex
624 2215 755 2237 eornm
774 2200 981 2247 inuocem,
1006 2205 1044 2236 in
1065 2216 1135 2248 qua
1154 2204 1226 2238 hoc
1250 2215 1400 2249 quoque
1427 2213 1539 2248 quae—

308 2267 422 2300 ritur:
451 2262 484 2300 εἰ
501 2264 544 2298 τό
564 2262 708 2309 τίμημά
737 2263 834 2300 ἔστιν
851 2262 995 2305 adrui-3·
1021 2265 1162 2298 Pollux.
1191 2266 1294 2297 vul.
1314 2264 1369 2303 86.

260 2335 313 2379 *Ἴ
341 2334 491 2367 Aristot.
523 2334 634 2366 Polit.
668 2334 718 2366 11.
747 2346 779 2367 c.
812 2345 863 2366 12.
897 2334 992 2366 Plnt.
1023 2333 1159 2367 Pericl.
1187 2344 1219 2366 c.
1249 2345 1283 2378 9.
1317 2332 1366 2366 cf.
1390 2331 1536 2366 Platon.

309 2396 426 2439 Gorg.
445 2407 480 2439 p.
508 2404 587 2437 515.
609 2405 642 2427 e.
670 2393 759 2438 ibiq.
790 2393 988 2427 Heindorf.

259 2476 331 2517 *⁴¹*)
358 2487 390 2507 v.
417 2473 535 2507 vales.
555 2473 599 2506 ad
620 2475 800 2518 Harpocr.
825 2486 857 2517 p.
880 2486 911 2517 ς.
936 2480 972 2507 et
998 2475 1043 2507 ad
1066 2476 1250 2508 Maussac.
1278 2486 1314 2519 p.
1346 2485 1423 2519 ²09·

258 2536 352 2576 **“)
379 2533 564 2577 Aristoph.
588 2534 696 2577 Vesp.
725 2545 758 2567 v.
779 2546 855 2578 723..
884 2533 1128 2578 Κωλακρέτου
1150 2531 1245 2580 γάλα
1267 2536 1401 2574 πίνειν,
1429 2531 1474 2565 ad
1490 2532 1540 2566 si-

302 2594 556 2628 militudinem
571 2594 780 2637 proverbii:
808 2591 972 2638 «lorium
989 2591 1092 2640 γάλα.
1119 2593 1225 2638 Apud
1245 2593 1407 2627 eundem
1426 2591 1536 2636 Vesp.

304 2664 338 2686 v·
367 2662 443 2684 210.
466 2649 605 2682 fatetur
633 2650 767 2694 aliquis
783 2675 791 2691 ,
818 2651 846 2682 si
868 2650 1043 2684 mercede
1064 2650 1134 2684 ista
1151 2650 1355 2686 carendum
1372 2649 1444 2692 sit,
1469 2659 1535 2683 ne·

302 2712 398 2745 scire
419 2721 471 2749 se,
498 2710 598 2744 unde
619 2722 773 2744 coenam
804 2716 936 2745 sumat.
