<?xml version="1.0" encoding="UTF-8"?>
<!DOCTYPE html PUBLIC "-//W3C//DTD XHTML 1.0 Transitional//EN"
    "http://www.w3.org/TR/xhtml1/DTD/xhtml1-transitional.dtd">
<html xmlns="http://www.w3.org/1999/xhtml" xml:lang="en" lang="en">
 <head>
  <title>
</title>
<meta http-equiv="Content-Type" content="text/html;charset=utf-8" />
  <meta name='ocr-system' content='tesseract 3.04.00' />
  <meta name='ocr-capabilities' content='ocr_page ocr_carea ocr_par ocr_line ocrx_word'/>
</head>
<body>
  <div class='ocr_page' id='page_1' title='image "./decomitiisatheni00sch_0219.png"; bbox 0 0 1706 3058; ppageno 0'>
   <div class='ocr_carea' id='block_1_1' title="bbox 1372 93 1452 144">
    <p class='ocr_par' dir='ltr' id='par_1_1' title="bbox 1372 93 1452 144">
     <span class='ocr_line' id='line_1_1' title="bbox 1372 93 1452 144; baseline 0.025 -7"><span class='ocrx_word' id='word_1_1' title='bbox 1372 93 1452 144; x_wconf 74' lang='lat'>135</span> 
     </span>
    </p>
   </div>
   <div class='ocr_carea' id='block_1_2' title="bbox 52 185 1449 1402">
    <p class='ocr_par' dir='ltr' id='par_1_2' title="bbox 52 185 1449 1402">
     <span class='ocr_line' id='line_1_2' title="bbox 78 185 1449 260; baseline -0.001 -15"><span class='ocrx_word' id='word_1_2' title='bbox 78 185 81 192; x_wconf 43' lang='lat'>¹</span> <span class='ocrx_word' id='word_1_3' title='bbox 113 201 343 260; x_wconf 83' lang='lat' dir='ltr'>aliquanto</span> <span class='ocrx_word' id='word_1_4' title='bbox 373 197 576 256; x_wconf 83' lang='lat' dir='ltr'>plenius:</span> <span class='ocrx_word' id='word_1_5' title='bbox 608 201 858 256; x_wconf 71' lang='grc' dir='ltr'><em>Εἰσαγγελιόι</em></span> <span class='ocrx_word' id='word_1_6' title='bbox 876 200 1030 257; x_wconf 73' lang='grc' dir='ltr'><em>κυρίως</em></span> <span class='ocrx_word' id='word_1_7' title='bbox 1062 197 1091 255; x_wconf 81' lang='grc' dir='ltr'><em>ἦ</em></span> <span class='ocrx_word' id='word_1_8' title='bbox 1109 200 1204 256; x_wconf 83' lang='grc' dir='ltr'><em>περ),</em></span> <span class='ocrx_word' id='word_1_9' title='bbox 1232 201 1449 259; x_wconf 51' lang='grc' dir='ltr'>καινῶν35)</span> 
     </span>
     <span class='ocr_line' id='line_1_3' title="bbox 109 268 1448 328; baseline -0.004 -9"><span class='ocrx_word' id='word_1_10' title='bbox 109 277 182 319; x_wconf 77' lang='grc' dir='ltr'>καὶ</span> <span class='ocrx_word' id='word_1_11' title='bbox 211 276 419 328; x_wconf 79' lang='grc' dir='ltr'><em>δημοσίων</em></span> <span class='ocrx_word' id='word_1_12' title='bbox 452 268 713 324; x_wconf 73' lang='grc' dir='ltr'><em>ἀδικημάτων</em></span> <span class='ocrx_word' id='word_1_13' title='bbox 736 274 977 327; x_wconf 80' lang='grc' dir='ltr'><em>εἰσαγομένη</em></span> <span class='ocrx_word' id='word_1_14' title='bbox 1004 273 1097 325; x_wconf 81' lang='grc' dir='ltr'><em>δίκη</em></span> <span class='ocrx_word' id='word_1_15' title='bbox 1123 269 1206 314; x_wconf 71' lang='grc' dir='ltr'>’ὑπὸ</span> <span class='ocrx_word' id='word_1_16' title='bbox 1231 276 1312 314; x_wconf 73' lang='grc' dir='ltr'>τῶν</span> <span class='ocrx_word' id='word_1_17' title='bbox 1335 277 1448 327; x_wconf 88' lang='grc' dir='ltr'><em>Πρυ-</em></span> 
     </span>
     <span class='ocr_line' id='line_1_4' title="bbox 109 335 1448 400; baseline -0.003 -10"><span class='ocrx_word' id='word_1_18' title='bbox 109 345 287 398; x_wconf 70' lang='grc' dir='ltr'><em>τάνεων,</em></span> <span class='ocrx_word' id='word_1_19' title='bbox 318 337 423 399; x_wconf 62' lang='grc' dir='ltr'><em>’περὶ</em></span> <span class='ocrx_word' id='word_1_20' title='bbox 453 335 511 385; x_wconf 71' lang='lat' dir='ltr'>niv</span> <span class='ocrx_word' id='word_1_21' title='bbox 542 341 769 396; x_wconf 71' lang='grc' dir='ltr'><em>διαρᾇδην</em></span> <span class='ocrx_word' id='word_1_22' title='bbox 800 344 871 397; x_wconf 81' lang='grc' dir='ltr'>μὲν</span> <span class='ocrx_word' id='word_1_23' title='bbox 904 343 1025 386; x_wconf 75' lang='grc' dir='ltr'><em>οὐδὲν</em></span> <span class='ocrx_word' id='word_1_24' title='bbox 1067 346 1254 400; x_wconf 77' lang='grc' dir='ltr'><em>λέγουσιν</em></span> <span class='ocrx_word' id='word_1_25' title='bbox 1297 345 1339 385; x_wconf 84' lang='grc' dir='ltr'>οἷ</span> <span class='ocrx_word' id='word_1_26' title='bbox 1377 342 1448 386; x_wconf 77' lang='grc' dir='ltr'>νό-</span> 
     </span>
     <span class='ocr_line' id='line_1_5' title="bbox 109 414 1447 473; baseline -0.003 -11"><span class='ocrx_word' id='word_1_27' title='bbox 109 435 203 473; x_wconf 86' lang='grc' dir='ltr'><strong>μοι,</strong></span> <span class='ocrx_word' id='word_1_28' title='bbox 248 420 504 473; x_wconf 76' lang='grc' dir='ltr'><em>συγχωροῦσι</em></span> <span class='ocrx_word' id='word_1_29' title='bbox 545 414 589 456; x_wconf 82' lang='grc' dir='ltr'>ὁὲ</span> <span class='ocrx_word' id='word_1_30' title='bbox 628 417 782 470; x_wconf 75' lang='grc' dir='ltr'><strong><em>κρίσεις</em></strong></span> <span class='ocrx_word' id='word_1_31' title='bbox 824 419 1025 471; x_wconf 80' lang='grc' dir='ltr'><em>γίνεσθαι.</em></span> <span class='ocrx_word' id='word_1_32' title='bbox 1072 418 1141 458; x_wconf 80' lang='grc' dir='ltr'>καὶ</span> <span class='ocrx_word' id='word_1_33' title='bbox 1178 415 1296 459; x_wconf 83' lang='grc' dir='ltr'><em>τοῦτό</em></span> <span class='ocrx_word' id='word_1_34' title='bbox 1327 417 1447 458; x_wconf 74' lang='grc' dir='ltr'><em>’ἐστιν</em></span> 
     </span>
     <span class='ocr_line' id='line_1_6' title="bbox 109 483 1445 541; baseline -0.001 -9"><span class='ocrx_word' id='word_1_35' title='bbox 109 488 203 532; x_wconf 88' lang='grc' dir='ltr'><em>οἷον</em></span> <span class='ocrx_word' id='word_1_36' title='bbox 241 491 286 531; x_wconf 85' lang='grc' dir='ltr'>τὸ</span> <span class='ocrx_word' id='word_1_37' title='bbox 323 491 366 530; x_wconf 69' lang='grc' dir='ltr'>ἐν</span> <span class='ocrx_word' id='word_1_38' title='bbox 408 493 495 536; x_wconf 80' lang='grc' dir='ltr'><em>ταῖς</em></span> <span class='ocrx_word' id='word_1_39' title='bbox 534 483 616 528; x_wconf 79' lang='grc' dir='ltr'>τῶν</span> <span class='ocrx_word' id='word_1_40' title='bbox 657 491 866 539; x_wconf 75' lang='grc' dir='ltr'><em>σοφιστῶν</em></span> <span class='ocrx_word' id='word_1_41' title='bbox 898 489 1123 541; x_wconf 80' lang='grc' dir='ltr'><em>διατριβαῖς</em></span> <span class='ocrx_word' id='word_1_42' title='bbox 1153 486 1445 541; x_wconf 73' lang='grc' dir='ltr'><em>μελετώμενον,</em></span> 
     </span>
     <span class='ocr_line' id='line_1_7' title="bbox 106 556 1448 614; baseline -0.001 -11"><span class='ocrx_word' id='word_1_43' title='bbox 106 560 153 603; x_wconf 79' lang='grc' dir='ltr'>τὰ</span> <span class='ocrx_word' id='word_1_44' title='bbox 181 564 262 601; x_wconf 77' lang='grc' dir='ltr'><em>ταῖν</em></span> <span class='ocrx_word' id='word_1_45' title='bbox 286 557 485 613; x_wconf 68' lang='grc' dir='ltr'><em>ἀγράφων</em></span> <span class='ocrx_word' id='word_1_46' title='bbox 516 556 791 612; x_wconf 70' lang='grc' dir='ltr'><em>ἇδικημιὲτων.</em></span> <span class='ocrx_word' id='word_1_47' title='bbox 854 556 916 598; x_wconf 82' lang='grc' dir='ltr'>Ηί</span> <span class='ocrx_word' id='word_1_48' title='bbox 947 556 1100 614; x_wconf 85' lang='lat' dir='ltr'>itaque</span> <span class='ocrx_word' id='word_1_49' title='bbox 1129 559 1252 601; x_wconf 74' lang='grc' dir='ltr'><em>καινά</em></span> <span class='ocrx_word' id='word_1_50' title='bbox 1281 569 1448 601; x_wconf 84' lang='lat' dir='ltr'>vocant</span> 
     </span>
     <span class='ocr_line' id='line_1_8' title="bbox 52 627 1446 684; baseline 0 -12"><span class='ocrx_word' id='word_1_51' title='bbox 52 647 56 650; x_wconf 54' lang='lat'><strong>⁴</strong></span> <span class='ocrx_word' id='word_1_52' title='bbox 106 629 182 672; x_wconf 87' lang='lat' dir='ltr'>illa</span> <span class='ocrx_word' id='word_1_53' title='bbox 215 628 427 678; x_wconf 86' lang='lat' dir='ltr'>crimina,</span> <span class='ocrx_word' id='word_1_54' title='bbox 469 643 587 670; x_wconf 81' lang='lat' dir='ltr'>nova</span> <span class='ocrx_word' id='word_1_55' title='bbox 620 640 663 670; x_wconf 85' lang='lat' dir='ltr'>et</span> <span class='ocrx_word' id='word_1_56' title='bbox 695 627 933 682; x_wconf 82' lang='lat' dir='ltr'>inusitata,</span> <span class='ocrx_word' id='word_1_57' title='bbox 977 643 1090 684; x_wconf 85' lang='lat' dir='ltr'>quae</span> <span class='ocrx_word' id='word_1_58' title='bbox 1131 643 1213 670; x_wconf 90' lang='lat' dir='ltr'>nos</span> <span class='ocrx_word' id='word_1_59' title='bbox 1253 642 1446 672; x_wconf 80' lang='lat' dir='ltr'>extraor-</span> 
     </span>
     <span class='ocr_line' id='line_1_9' title="bbox 107 699 1447 757; baseline 0.002 -15"><span class='ocrx_word' id='word_1_60' title='bbox 107 700 281 743; x_wconf 83' lang='lat' dir='ltr'>dinaria</span> <span class='ocrx_word' id='word_1_61' title='bbox 322 699 541 749; x_wconf 86' lang='lat' dir='ltr'>diximus,</span> <span class='ocrx_word' id='word_1_62' title='bbox 589 715 727 756; x_wconf 84' lang='lat' dir='ltr'>eaque</span> <span class='ocrx_word' id='word_1_63' title='bbox 767 700 936 757; x_wconf 71' lang='grc' dir='ltr'><em>ἄγραφα</em></span> <span class='ocrx_word' id='word_1_64' title='bbox 976 699 1093 741; x_wconf 85' lang='lat' dir='ltr'>dicta</span> <span class='ocrx_word' id='word_1_65' title='bbox 1145 715 1238 744; x_wconf 88' lang='lat' dir='ltr'>esse</span> <span class='ocrx_word' id='word_1_66' title='bbox 1281 703 1447 745; x_wconf 80' lang='lat' dir='ltr'><strong>docent</strong></span> 
     </span>
     <span class='ocr_line' id='line_1_10' title="bbox 105 771 1446 829; baseline 0 -14"><span class='ocrx_word' id='word_1_67' title='bbox 105 773 155 815; x_wconf 87' lang='lat' dir='ltr'>in</span> <span class='ocrx_word' id='word_1_68' title='bbox 187 771 500 829; x_wconf 86' lang='lat' dir='ltr'>Sophistarum</span> <span class='ocrx_word' id='word_1_69' title='bbox 533 785 583 812; x_wconf 91' lang='lat' dir='ltr'>ac</span> <span class='ocrx_word' id='word_1_70' title='bbox 613 773 861 812; x_wconf 84' lang='lat' dir='ltr'>Rlietorum</span> <span class='ocrx_word' id='word_1_71' title='bbox 882 771 1060 819; x_wconf 81' lang='lat' dir='ltr'>scholis,</span> <span class='ocrx_word' id='word_1_72' title='bbox 1095 771 1172 828; x_wconf 80' lang='lat' dir='ltr'>qui</span> <span class='ocrx_word' id='word_1_73' title='bbox 1204 772 1252 814; x_wconf 86' lang='lat' dir='ltr'>in</span> <span class='ocrx_word' id='word_1_74' title='bbox 1284 773 1446 816; x_wconf 84' lang='lat' dir='ltr'>talium</span> 
     </span>
     <span class='ocr_line' id='line_1_11' title="bbox 107 842 1444 900; baseline 0 -13"><span class='ocrx_word' id='word_1_75' title='bbox 107 844 352 888; x_wconf 85' lang='lat' dir='ltr'>criminum</span> <span class='ocrx_word' id='word_1_76' title='bbox 375 842 742 886; x_wconf 83' lang='lat' dir='ltr'>accusationibus</span> <span class='ocrx_word' id='word_1_77' title='bbox 766 854 808 885; x_wconf 88' lang='lat' dir='ltr'>et</span> <span class='ocrx_word' id='word_1_78' title='bbox 824 842 1178 891; x_wconf 86' lang='lat' dir='ltr'><strong>defensionibus,</strong></span> <span class='ocrx_word' id='word_1_79' title='bbox 1211 844 1444 900; x_wconf 83' lang='lat' dir='ltr'>aptissimo</span> 
     </span>
     <span class='ocr_line' id='line_1_12' title="bbox 106 913 1445 972; baseline -0.002 -12"><span class='ocrx_word' id='word_1_80' title='bbox 106 915 489 961; x_wconf 83' lang='lat' dir='ltr'><strong>declamationum</strong></span> <span class='ocrx_word' id='word_1_81' title='bbox 511 913 875 959; x_wconf 82' lang='lat' dir='ltr'>scholasticarum</span> <span class='ocrx_word' id='word_1_82' title='bbox 901 926 1176 972; x_wconf 81' lang='lat' dir='ltr'>argumento,</span> <span class='ocrx_word' id='word_1_83' title='bbox 1200 915 1445 972; x_wconf 87' lang='lat' dir='ltr'>discipulos</span> 
     </span>
     <span class='ocr_line' id='line_1_13' title="bbox 105 985 1443 1042; baseline -0.001 -12"><span class='ocrx_word' id='word_1_84' title='bbox 105 1003 308 1030; x_wconf 87' lang='lat' dir='ltr'>exercere</span> <span class='ocrx_word' id='word_1_85' title='bbox 337 989 542 1029; x_wconf 85' lang='lat' dir='ltr'><strong>solerent.</strong></span> <span class='ocrx_word' id='word_1_86' title='bbox 604 988 776 1026; x_wconf 90' lang='lat' dir='ltr'>Eodem</span> <span class='ocrx_word' id='word_1_87' title='bbox 803 989 934 1042; x_wconf 90' lang='lat' dir='ltr'>plane</span> <span class='ocrx_word' id='word_1_88' title='bbox 956 989 1094 1028; x_wconf 87' lang='lat' dir='ltr'>modo</span> <span class='ocrx_word' id='word_1_89' title='bbox 1128 986 1261 1028; x_wconf 86' lang='lat' dir='ltr'>etiam</span> <span class='ocrx_word' id='word_1_90' title='bbox 1293 985 1443 1035; x_wconf 82' lang='lat' dir='ltr'>Latini</span> 
     </span>
     <span class='ocr_line' id='line_1_14' title="bbox 102 1055 1442 1115; baseline -0.001 -12"><span class='ocrx_word' id='word_1_91' title='bbox 102 1063 320 1103; x_wconf 85' lang='lat' dir='ltr'>Rhetores</span> <span class='ocrx_word' id='word_1_92' title='bbox 352 1060 406 1100; x_wconf 84' lang='lat' dir='ltr'>de</span> <span class='ocrx_word' id='word_1_93' title='bbox 435 1055 663 1098; x_wconf 86' lang='lat' dir='ltr'>similibus</span> <span class='ocrx_word' id='word_1_94' title='bbox 695 1057 965 1100; x_wconf 86' lang='lat' dir='ltr'>criminibus</span> <span class='ocrx_word' id='word_1_95' title='bbox 997 1059 1320 1115; x_wconf 79' lang='lat' dir='ltr'>inscriptorum</span> <span class='ocrx_word' id='word_1_96' title='bbox 1351 1074 1442 1101; x_wconf 88' lang='lat' dir='ltr'>ma-</span> 
     </span>
     <span class='ocr_line' id='line_1_15' title="bbox 102 1128 1445 1190; baseline 0.001 -16"><span class='ocrx_word' id='word_1_97' title='bbox 102 1132 356 1176; x_wconf 84' lang='lat' dir='ltr'>leficiorum</span> <span class='ocrx_word' id='word_1_98' title='bbox 393 1143 562 1172; x_wconf 84' lang='lat' dir='ltr'>nornen</span> <span class='ocrx_word' id='word_1_99' title='bbox 601 1128 944 1182; x_wconf 76' lang='lat' dir='ltr'>invenerunt³⁶).</span> <span class='ocrx_word' id='word_1_100' title='bbox 1005 1133 1151 1186; x_wconf 84' lang='lat' dir='ltr'>Atque</span> <span class='ocrx_word' id='word_1_101' title='bbox 1181 1133 1268 1173; x_wconf 90' lang='lat' dir='ltr'>hoc</span> <span class='ocrx_word' id='word_1_102' title='bbox 1310 1130 1445 1190; x_wconf 70' lang='grc' dir='ltr'><em>ἀγρά-</em></span> 
     </span>
     <span class='ocr_line' id='line_1_16' title="bbox 104 1201 1441 1258; baseline -0.001 -11"><span class='ocrx_word' id='word_1_103' title='bbox 104 1222 198 1258; x_wconf 81' lang='grc' dir='ltr'>φων</span> <span class='ocrx_word' id='word_1_104' title='bbox 220 1201 482 1256; x_wconf 72' lang='grc' dir='ltr'><em>ἀδικημάτων</em></span> <span class='ocrx_word' id='word_1_105' title='bbox 505 1212 545 1242; x_wconf 87' lang='lat' dir='ltr'>et</span> <span class='ocrx_word' id='word_1_106' title='bbox 565 1201 889 1257; x_wconf 83' lang='lat' dir='ltr'>inscriptorum</span> <span class='ocrx_word' id='word_1_107' title='bbox 911 1202 1240 1245; x_wconf 85' lang='lat' dir='ltr'>maleficiorum</span> <span class='ocrx_word' id='word_1_108' title='bbox 1273 1219 1441 1246; x_wconf 90' lang='lat' dir='ltr'>nomen</span> 
     </span>
     <span class='ocr_line' id='line_1_17' title="bbox 101 1273 1442 1330; baseline 0 -13"><span class='ocrx_word' id='word_1_109' title='bbox 101 1289 180 1317; x_wconf 74' lang='lat' dir='ltr'>sua</span> <span class='ocrx_word' id='word_1_110' title='bbox 210 1286 367 1317; x_wconf 82' lang='lat' dir='ltr'>natura</span> <span class='ocrx_word' id='word_1_111' title='bbox 391 1287 484 1314; x_wconf 86' lang='lat' dir='ltr'>non</span> <span class='ocrx_word' id='word_1_112' title='bbox 505 1273 657 1314; x_wconf 87' lang='lat' dir='ltr'>minus</span> <span class='ocrx_word' id='word_1_113' title='bbox 682 1273 865 1329; x_wconf 78' lang='lat' dir='ltr'>privatis</span> <span class='ocrx_word' id='word_1_114' title='bbox 889 1289 1023 1330; x_wconf 89' lang='lat' dir='ltr'>quam</span> <span class='ocrx_word' id='word_1_115' title='bbox 1045 1273 1236 1330; x_wconf 84' lang='lat' dir='ltr'>publicis</span> <span class='ocrx_word' id='word_1_116' title='bbox 1265 1274 1442 1317; x_wconf 83' lang='lat' dir='ltr'>delictis</span> 
     </span>
     <span class='ocr_line' id='line_1_18' title="bbox 101 1344 1442 1402; baseline -0.001 -14"><span class='ocrx_word' id='word_1_117' title='bbox 101 1346 339 1394; x_wconf 82' lang='lat' dir='ltr'>convenit,</span> <span class='ocrx_word' id='word_1_118' title='bbox 384 1347 494 1387; x_wconf 89' lang='lat' dir='ltr'>dum</span> <span class='ocrx_word' id='word_1_119' title='bbox 531 1344 610 1386; x_wconf 87' lang='lat' dir='ltr'>illa</span> <span class='ocrx_word' id='word_1_120' title='bbox 651 1345 744 1387; x_wconf 87' lang='lat' dir='ltr'>sint</span> <span class='ocrx_word' id='word_1_121' title='bbox 774 1345 1023 1397; x_wconf 76' lang='lat' dir='ltr'>ejusmodi,</span> <span class='ocrx_word' id='word_1_122' title='bbox 1064 1360 1177 1402; x_wconf 87' lang='lat' dir='ltr'>quae</span> <span class='ocrx_word' id='word_1_123' title='bbox 1209 1346 1341 1392; x_wconf 78' lang='lat' dir='ltr'>certis</span> <span class='ocrx_word' id='word_1_124' title='bbox 1373 1349 1442 1388; x_wconf 88' lang='lat' dir='ltr'>le-.</span> 
     </span>
    </p>
   </div>
   <div class='ocr_carea' id='block_1_3' title="bbox 100 1471 1441 1640">
    <p class='ocr_par' dir='ltr' id='par_1_3' title="bbox 100 1471 1441 1640">
     <span class='ocr_line' id='line_1_19' title="bbox 147 1471 1441 1517; baseline 0 -10"><span class='ocrx_word' id='word_1_125' title='bbox 147 1474 206 1517; x_wconf 79' lang='lat'>55)</span> <span class='ocrx_word' id='word_1_126' title='bbox 234 1471 395 1515; x_wconf 77' lang='grc' dir='ltr'><em>Καινῶν,</em></span> <span class='ocrx_word' id='word_1_127' title='bbox 420 1483 498 1506; x_wconf 88' lang='lat' dir='ltr'>non</span> <span class='ocrx_word' id='word_1_128' title='bbox 517 1472 662 1514; x_wconf 73' lang='grc' dir='ltr'><em>κοινῶν,</em></span> <span class='ocrx_word' id='word_1_129' title='bbox 689 1471 790 1517; x_wconf 72' lang='lat' dir='ltr'>qnod</span> <span class='ocrx_word' id='word_1_130' title='bbox 808 1471 907 1517; x_wconf 80' lang='lat' dir='ltr'>apud</span> <span class='ocrx_word' id='word_1_131' title='bbox 927 1472 1083 1513; x_wconf 86' lang='lat' dir='ltr'>Suidam</span> <span class='ocrx_word' id='word_1_132' title='bbox 1102 1479 1235 1515; x_wconf 79' lang='lat' dir='ltr'>exstat,</span> <span class='ocrx_word' id='word_1_133' title='bbox 1255 1473 1441 1517; x_wconf 73' lang='lat' dir='ltr'>scriptum</span> 
     </span>
     <span class='ocr_line' id='line_1_20' title="bbox 101 1532 1440 1579; baseline 0.001 -12"><span class='ocrx_word' id='word_1_134' title='bbox 101 1539 159 1567; x_wconf 83' lang='lat' dir='ltr'>est</span> <span class='ocrx_word' id='word_1_135' title='bbox 187 1533 227 1566; x_wconf 88' lang='lat' dir='ltr'>in</span> <span class='ocrx_word' id='word_1_136' title='bbox 253 1533 341 1566; x_wconf 85' lang='lat' dir='ltr'><strong>Lex.</strong></span> <span class='ocrx_word' id='word_1_137' title='bbox 369 1533 482 1567; x_wconf 82' lang='lat' dir='ltr'><strong>Rhet.</strong></span> <span class='ocrx_word' id='word_1_138' title='bbox 506 1544 602 1579; x_wconf 87' lang='lat' dir='ltr'>quae</span> <span class='ocrx_word' id='word_1_139' title='bbox 627 1532 815 1577; x_wconf 87' lang='lat' dir='ltr'>scriptura</span> <span class='ocrx_word' id='word_1_140' title='bbox 842 1533 924 1567; x_wconf 88' lang='lat' dir='ltr'>sine</span> <span class='ocrx_word' id='word_1_141' title='bbox 953 1533 1065 1567; x_wconf 82' lang='lat' dir='ltr'>dubio</span> <span class='ocrx_word' id='word_1_142' title='bbox 1087 1533 1253 1577; x_wconf 80' lang='lat' dir='ltr'>rectior,</span> <span class='ocrx_word' id='word_1_143' title='bbox 1283 1539 1322 1568; x_wconf 90' lang='lat' dir='ltr'>et</span> <span class='ocrx_word' id='word_1_144' title='bbox 1341 1532 1440 1578; x_wconf 84' lang='lat' dir='ltr'>apud</span> 
     </span>
     <span class='ocr_line' id='line_1_21' title="bbox 100 1593 992 1640; baseline 0 -12"><span class='ocrx_word' id='word_1_145' title='bbox 100 1593 254 1628; x_wconf 80' lang='lat' dir='ltr'>Suidam</span> <span class='ocrx_word' id='word_1_146' title='bbox 286 1605 438 1640; x_wconf 81' lang='lat' dir='ltr'>quoque</span> <span class='ocrx_word' id='word_1_147' title='bbox 475 1593 695 1639; x_wconf 86' lang='lat' dir='ltr'>reponenda</span> <span class='ocrx_word' id='word_1_148' title='bbox 721 1605 803 1627; x_wconf 86' lang='lat' dir='ltr'>esse</span> <span class='ocrx_word' id='word_1_149' title='bbox 832 1593 992 1628; x_wconf 86' lang='lat' dir='ltr'>videtur.</span> 
     </span>
    </p>
   </div>
   <div class='ocr_carea' id='block_1_4' title="bbox 97 1662 1440 2684">
    <p class='ocr_par' dir='ltr' id='par_1_4' title="bbox 97 1662 1440 2684">
     <span class='ocr_line' id='line_1_22' title="bbox 146 1662 1438 1712; baseline -0.007 -4"><span class='ocrx_word' id='word_1_150' title='bbox 146 1664 206 1708; x_wconf 73' lang='grc'>56)</span> <span class='ocrx_word' id='word_1_151' title='bbox 235 1662 370 1707; x_wconf 79' lang='lat' dir='ltr'>„Apud</span> <span class='ocrx_word' id='word_1_152' title='bbox 396 1663 668 1698; x_wconf 79' lang='lat' dir='ltr'>declamatores</span> <span class='ocrx_word' id='word_1_153' title='bbox 703 1662 801 1697; x_wconf 86' lang='lat' dir='ltr'>actio</span> <span class='ocrx_word' id='word_1_154' title='bbox 828 1663 1014 1708; x_wconf 79' lang='lat' dir='ltr'>quaedam</span> <span class='ocrx_word' id='word_1_155' title='bbox 1038 1664 1283 1709; x_wconf 74' lang='lat' dir='ltr'>proponitur,</span> <span class='ocrx_word' id='word_1_156' title='bbox 1318 1676 1340 1699; x_wconf 83' lang='lat' dir='ltr'>e</span> <span class='ocrx_word' id='word_1_157' title='bbox 1364 1677 1438 1712; x_wconf 81' lang='lat' dir='ltr'>qua</span> 
     </span>
     <span class='ocr_line' id='line_1_23' title="bbox 100 1723 1440 1771; baseline 0.002 -13"><span class='ocrx_word' id='word_1_158' title='bbox 100 1735 234 1758; x_wconf 83' lang='lat' dir='ltr'>eorum</span> <span class='ocrx_word' id='word_1_159' title='bbox 260 1723 444 1768; x_wconf 83' lang='lat' dir='ltr'>quaedam</span> <span class='ocrx_word' id='word_1_160' title='bbox 469 1724 644 1757; x_wconf 73' lang='lat' dir='ltr'>oriuntur</span> <span class='ocrx_word' id='word_1_161' title='bbox 670 1734 823 1766; x_wconf 85' lang='lat' dir='ltr'>causae,</span> <span class='ocrx_word' id='word_1_162' title='bbox 849 1723 1026 1769; x_wconf 85' lang='lat' dir='ltr'>inscripti</span> <span class='ocrx_word' id='word_1_163' title='bbox 1048 1725 1246 1759; x_wconf 82' lang='lat' dir='ltr'>maleficii:</span> <span class='ocrx_word' id='word_1_164' title='bbox 1274 1732 1316 1759; x_wconf 88' lang='lat' dir='ltr'>ut</span> <span class='ocrx_word' id='word_1_165' title='bbox 1340 1726 1440 1771; x_wconf 79' lang='lat' dir='ltr'>apud</span> 
     </span>
     <span class='ocr_line' id='line_1_24' title="bbox 99 1784 1437 1830; baseline 0.001 -11"><span class='ocrx_word' id='word_1_166' title='bbox 99 1785 288 1819; x_wconf 85' lang='lat' dir='ltr'>Senecam</span> <span class='ocrx_word' id='word_1_167' title='bbox 319 1784 384 1818; x_wconf 85' lang='lat' dir='ltr'>lib.</span> <span class='ocrx_word' id='word_1_168' title='bbox 432 1795 465 1829; x_wconf 84' lang='lat'>5.</span> <span class='ocrx_word' id='word_1_169' title='bbox 499 1785 673 1820; x_wconf 84' lang='lat' dir='ltr'>Declam.</span> <span class='ocrx_word' id='word_1_170' title='bbox 714 1798 744 1820; x_wconf 85' lang='lat'>1.</span> <span class='ocrx_word' id='word_1_171' title='bbox 790 1785 1038 1830; x_wconf 83' lang='lat' dir='ltr'>Inscripti</span> <span class='ocrx_word' id='word_1_172' title='bbox 1078 1787 1328 1821; x_wconf 86' lang='lat' dir='ltr'>maleficii</span> <span class='ocrx_word' id='word_1_173' title='bbox 1373 1788 1437 1821; x_wconf 81' lang='lat' dir='ltr'>sit</span> 
     </span>
     <span class='ocr_line' id='line_1_25' title="bbox 98 1846 1436 1892; baseline 0.002 -12"><span class='ocrx_word' id='word_1_174' title='bbox 98 1846 241 1880; x_wconf 79' lang='lat' dir='ltr'>actio.</span> <span class='ocrx_word' id='word_1_175' title='bbox 276 1846 344 1888; x_wconf 87' lang='lat' dir='ltr'>Ea,</span> <span class='ocrx_word' id='word_1_176' title='bbox 371 1852 413 1879; x_wconf 78' lang='lat' dir='ltr'>ut</span> <span class='ocrx_word' id='word_1_177' title='bbox 430 1846 579 1891; x_wconf 80' lang='lat' dir='ltr'>opinor,</span> <span class='ocrx_word' id='word_1_178' title='bbox 605 1847 788 1881; x_wconf 80' lang='lat' dir='ltr'>maleficii</span> <span class='ocrx_word' id='word_1_179' title='bbox 808 1853 889 1881; x_wconf 87' lang='lat' dir='ltr'>erat</span> <span class='ocrx_word' id='word_1_180' title='bbox 908 1847 1057 1892; x_wconf 84' lang='lat' dir='ltr'>legibus</span> <span class='ocrx_word' id='word_1_181' title='bbox 1081 1849 1308 1883; x_wconf 79' lang='lat' dir='ltr'>nominatim</span> <span class='ocrx_word' id='word_1_182' title='bbox 1333 1861 1436 1889; x_wconf 82' lang='lat' dir='ltr'>com—</span> 
     </span>
     <span class='ocr_line' id='line_1_26' title="bbox 97 1905 1438 1958; baseline 0.003 -18"><span class='ocrx_word' id='word_1_183' title='bbox 97 1905 279 1951; x_wconf 86' lang='lat' dir='ltr'>prehensi</span> <span class='ocrx_word' id='word_1_184' title='bbox 302 1918 428 1952; x_wconf 86' lang='lat' dir='ltr'>neque</span> <span class='ocrx_word' id='word_1_185' title='bbox 453 1907 566 1949; x_wconf 83' lang='lat' dir='ltr'>cauti,</span> <span class='ocrx_word' id='word_1_186' title='bbox 594 1910 699 1951; x_wconf 72' lang='lat' dir='ltr'>cujus</span> <span class='ocrx_word' id='word_1_187' title='bbox 723 1915 853 1943; x_wconf 86' lang='lat' dir='ltr'>tamen</span> <span class='ocrx_word' id='word_1_188' title='bbox 871 1909 970 1942; x_wconf 85' lang='lat' dir='ltr'>actio</span> <span class='ocrx_word' id='word_1_189' title='bbox 997 1909 1167 1943; x_wconf 83' lang='lat' dir='ltr'>dabatur.</span> <span class='ocrx_word' id='word_1_190' title='bbox 1222 1911 1330 1955; x_wconf 84' lang='lat' dir='ltr'>Quae</span> <span class='ocrx_word' id='word_1_191' title='bbox 1355 1910 1438 1958; x_wconf 79' lang='lat' dir='ltr'>qui-</span> 
     </span>
     <span class='ocr_line' id='line_1_27' title="bbox 101 1967 1436 2015; baseline 0.004 -15"><span class='ocrx_word' id='word_1_192' title='bbox 101 1967 189 2001; x_wconf 82' lang='lat' dir='ltr'>dem</span> <span class='ocrx_word' id='word_1_193' title='bbox 212 1967 381 2001; x_wconf 77' lang='lat' dir='ltr'>moribus</span> <span class='ocrx_word' id='word_1_194' title='bbox 408 1968 645 2002; x_wconf 85' lang='lat' dir='ltr'>Graecorum</span> <span class='ocrx_word' id='word_1_195' title='bbox 671 1969 820 2002; x_wconf 81' lang='lat' dir='ltr'>videtur</span> <span class='ocrx_word' id='word_1_196' title='bbox 845 1976 1060 2014; x_wconf 79' lang='lat' dir='ltr'>comparata</span> <span class='ocrx_word' id='word_1_197' title='bbox 1084 1970 1223 2015; x_wconf 39' lang='lat' dir='ltr'>fuisse!</span> <span class='ocrx_word' id='word_1_198' title='bbox 1257 1984 1336 2007; x_wconf 87' lang='lat' dir='ltr'>non</span> <span class='ocrx_word' id='word_1_199' title='bbox 1359 1973 1436 2007; x_wconf 86' lang='lat' dir='ltr'>Ro-</span> 
     </span>
     <span class='ocr_line' id='line_1_28' title="bbox 98 2029 1436 2075; baseline 0.004 -13"><span class='ocrx_word' id='word_1_200' title='bbox 98 2041 320 2071; x_wconf 85' lang='lat' dir='ltr'>manorum,</span> <span class='ocrx_word' id='word_1_201' title='bbox 367 2029 465 2074; x_wconf 81' lang='lat' dir='ltr'>apud</span> <span class='ocrx_word' id='word_1_202' title='bbox 498 2041 589 2075; x_wconf 84' lang='lat' dir='ltr'>quos</span> <span class='ocrx_word' id='word_1_203' title='bbox 631 2029 896 2064; x_wconf 86' lang='lat' dir='ltr'>scholasticum</span> <span class='ocrx_word' id='word_1_204' title='bbox 935 2030 1009 2064; x_wconf 88' lang='lat' dir='ltr'>hoc</span> <span class='ocrx_word' id='word_1_205' title='bbox 1051 2036 1089 2065; x_wconf 85' lang='lat' dir='ltr'>et</span> <span class='ocrx_word' id='word_1_206' title='bbox 1124 2031 1436 2068; x_wconf 77' lang='lat' dir='ltr'>declamatorium</span> 
     </span>
     <span class='ocr_line' id='line_1_29' title="bbox 98 2075 1431 2137; baseline 0.003 -15"><span class='ocrx_word' id='word_1_207' title='bbox 98 2075 203 2132; x_wconf 77' lang='lat' dir='ltr'>erat,</span> <span class='ocrx_word' id='word_1_208' title='bbox 239 2089 382 2123; x_wconf 87' lang='lat' dir='ltr'>nonin</span> <span class='ocrx_word' id='word_1_209' title='bbox 414 2090 608 2135; x_wconf 80' lang='lat' dir='ltr'>republica</span> <span class='ocrx_word' id='word_1_210' title='bbox 642 2091 834 2126; x_wconf 86' lang='lat' dir='ltr'>usitatum.</span> <span class='ocrx_word' id='word_1_211' title='bbox 870 2095 974 2126; x_wconf 84' lang='lat' dir='ltr'>etc.“</span> <span class='ocrx_word' id='word_1_212' title='bbox 1030 2094 1197 2127; x_wconf 83' lang='lat' dir='ltr'>Turneb.</span> <span class='ocrx_word' id='word_1_213' title='bbox 1233 2093 1431 2137; x_wconf 71' lang='lat' dir='ltr'>Adversar.⁴</span> 
     </span>
     <span class='ocr_line' id='line_1_30' title="bbox 100 2151 1432 2199; baseline 0.004 -15"><span class='ocrx_word' id='word_1_214' title='bbox 100 2151 182 2185; x_wconf 88' lang='lat' dir='ltr'>Lib.</span> <span class='ocrx_word' id='word_1_215' title='bbox 209 2152 254 2186; x_wconf 87' lang='lat' dir='ltr'>X.</span> <span class='ocrx_word' id='word_1_216' title='bbox 283 2162 363 2195; x_wconf 86' lang='lat' dir='ltr'>cap.</span> <span class='ocrx_word' id='word_1_217' title='bbox 389 2151 421 2185; x_wconf 88' lang='lat'>6.</span> <span class='ocrx_word' id='word_1_218' title='bbox 444 2170 491 2176; x_wconf 87' lang='lat'>-</span> <span class='ocrx_word' id='word_1_219' title='bbox 522 2152 737 2199; x_wconf 77' lang='lat' dir='ltr'>„Pleraque</span> <span class='ocrx_word' id='word_1_220' title='bbox 759 2153 832 2188; x_wconf 86' lang='lat' dir='ltr'>alia</span> <span class='ocrx_word' id='word_1_221' title='bbox 855 2154 968 2188; x_wconf 83' lang='lat' dir='ltr'>aliter</span> <span class='ocrx_word' id='word_1_222' title='bbox 991 2154 1031 2187; x_wconf 86' lang='lat' dir='ltr'>in</span> <span class='ocrx_word' id='word_1_223' title='bbox 1056 2153 1183 2189; x_wconf 83' lang='lat' dir='ltr'>schola</span> <span class='ocrx_word' id='word_1_224' title='bbox 1205 2155 1432 2199; x_wconf 81' lang='lat' dir='ltr'>Rhetorum,</span> 
     </span>
     <span class='ocr_line' id='line_1_31' title="bbox 97 2209 1430 2261; baseline 0.005 -16"><span class='ocrx_word' id='word_1_225' title='bbox 97 2211 209 2246; x_wconf 83' lang='lat' dir='ltr'>aliter</span> <span class='ocrx_word' id='word_1_226' title='bbox 230 2212 270 2246; x_wconf 88' lang='lat' dir='ltr'>in</span> <span class='ocrx_word' id='word_1_227' title='bbox 294 2213 379 2247; x_wconf 86' lang='lat' dir='ltr'>foro</span> <span class='ocrx_word' id='word_1_228' title='bbox 393 2219 670 2258; x_wconf 81' lang='lat' dir='ltr'>nuncupantur.</span> <span class='ocrx_word' id='word_1_229' title='bbox 705 2215 885 2260; x_wconf 86' lang='lat' dir='ltr'>Inscripti</span> <span class='ocrx_word' id='word_1_230' title='bbox 901 2215 1083 2248; x_wconf 78' lang='lat' dir='ltr'>maleficii</span> <span class='ocrx_word' id='word_1_231' title='bbox 1101 2209 1199 2251; x_wconf 79' lang='lat' dir='ltr'>actio</span> <span class='ocrx_word' id='word_1_232' title='bbox 1224 2217 1264 2251; x_wconf 86' lang='lat' dir='ltr'>in</span> <span class='ocrx_word' id='word_1_233' title='bbox 1288 2217 1430 2261; x_wconf 85' lang='lat' dir='ltr'>schola,</span> 
     </span>
     <span class='ocr_line' id='line_1_32' title="bbox 98 2272 1431 2324; baseline 0.007 -19"><span class='ocrx_word' id='word_1_234' title='bbox 98 2272 336 2307; x_wconf 81' lang='lat' dir='ltr'>stellionatus</span> <span class='ocrx_word' id='word_1_235' title='bbox 349 2274 387 2307; x_wconf 86' lang='lat' dir='ltr'>in</span> <span class='ocrx_word' id='word_1_236' title='bbox 397 2274 494 2309; x_wconf 86' lang='lat' dir='ltr'>foro.</span> <span class='ocrx_word' id='word_1_237' title='bbox 511 2278 614 2309; x_wconf 84' lang='lat' dir='ltr'><strong>etc.“</strong></span> <span class='ocrx_word' id='word_1_238' title='bbox 642 2277 768 2318; x_wconf 74' lang='lat' dir='ltr'>Cujac.</span> <span class='ocrx_word' id='word_1_239' title='bbox 785 2276 999 2311; x_wconf 87' lang='lat' dir='ltr'>Observatt.</span> <span class='ocrx_word' id='word_1_240' title='bbox 1015 2275 1098 2311; x_wconf 89' lang='lat' dir='ltr'>Lib.</span> <span class='ocrx_word' id='word_1_241' title='bbox 1110 2278 1176 2312; x_wconf 89' lang='lat' dir='ltr'>IX.</span> <span class='ocrx_word' id='word_1_242' title='bbox 1191 2291 1270 2324; x_wconf 88' lang='lat' dir='ltr'>cap.</span> <span class='ocrx_word' id='word_1_243' title='bbox 1296 2292 1348 2324; x_wconf 82' lang='lat'>13.</span> <span class='ocrx_word' id='word_1_244' title='bbox 1375 2281 1431 2313; x_wconf 79' lang='lat' dir='ltr'>Ex</span> 
     </span>
     <span class='ocr_line' id='line_1_33' title="bbox 99 2331 1430 2387; baseline 0.008 -21"><span class='ocrx_word' id='word_1_245' title='bbox 99 2331 171 2366; x_wconf 89' lang='lat' dir='ltr'>hoc</span> <span class='ocrx_word' id='word_1_246' title='bbox 195 2333 303 2368; x_wconf 84' lang='lat' dir='ltr'>fonte</span> <span class='ocrx_word' id='word_1_247' title='bbox 328 2334 438 2368; x_wconf 82' lang='lat' dir='ltr'>fluxit</span> <span class='ocrx_word' id='word_1_248' title='bbox 461 2335 713 2371; x_wconf 85' lang='lat' dir='ltr'>Salmasianus</span> <span class='ocrx_word' id='word_1_249' title='bbox 738 2337 804 2371; x_wconf 86' lang='lat' dir='ltr'>ille</span> <span class='ocrx_word' id='word_1_250' title='bbox 829 2336 1090 2381; x_wconf 83' lang='lat' dir='ltr'>stellionatus,</span> <span class='ocrx_word' id='word_1_251' title='bbox 1128 2352 1242 2385; x_wconf 79' lang='lat' dir='ltr'>quem</span> <span class='ocrx_word' id='word_1_252' title='bbox 1267 2342 1430 2387; x_wconf 83' lang='lat' dir='ltr'>exagita-</span> 
     </span>
     <span class='ocr_line' id='line_1_34' title="bbox 101 2393 1431 2447; baseline 0.006 -20"><span class='ocrx_word' id='word_1_253' title='bbox 101 2393 154 2428; x_wconf 79' lang='lat' dir='ltr'>vit</span> <span class='ocrx_word' id='word_1_254' title='bbox 177 2395 375 2430; x_wconf 85' lang='lat' dir='ltr'>Heraldus.</span> <span class='ocrx_word' id='word_1_255' title='bbox 435 2397 546 2443; x_wconf 89' lang='lat' dir='ltr'>Quod</span> <span class='ocrx_word' id='word_1_256' title='bbox 578 2404 707 2433; x_wconf 79' lang='lat' dir='ltr'>autem</span> <span class='ocrx_word' id='word_1_257' title='bbox 741 2398 914 2442; x_wconf 80' lang='lat' dir='ltr'>Cujacius</span> <span class='ocrx_word' id='word_1_258' title='bbox 954 2398 1219 2438; x_wconf 82' lang='lat' dir='ltr'>scholasticam</span> <span class='ocrx_word' id='word_1_259' title='bbox 1257 2402 1431 2447; x_wconf 83' lang='lat' dir='ltr'>inscripti</span> 
     </span>
     <span class='ocr_line' id='line_1_35' title="bbox 100 2455 1432 2507; baseline 0.006 -19"><span class='ocrx_word' id='word_1_260' title='bbox 100 2455 280 2490; x_wconf 85' lang='lat' dir='ltr'>maleficii</span> <span class='ocrx_word' id='word_1_261' title='bbox 306 2457 496 2493; x_wconf 84' lang='lat' dir='ltr'>actionem</span> <span class='ocrx_word' id='word_1_262' title='bbox 522 2470 608 2493; x_wconf 83' lang='lat' dir='ltr'>cum</span> <span class='ocrx_word' id='word_1_263' title='bbox 629 2459 774 2494; x_wconf 84' lang='lat' dir='ltr'>forensi</span> <span class='ocrx_word' id='word_1_264' title='bbox 798 2460 1032 2494; x_wconf 81' lang='lat' dir='ltr'>stellionatus</span> <span class='ocrx_word' id='word_1_265' title='bbox 1054 2463 1298 2507; x_wconf 82' lang='lat' dir='ltr'>comparavit,</span> <span class='ocrx_word' id='word_1_266' title='bbox 1322 2468 1432 2496; x_wconf 85' lang='lat' dir='ltr'>recte</span> 
     </span>
     <span class='ocr_line' id='line_1_36' title="bbox 100 2514 1428 2565; baseline 0.006 -17"><span class='ocrx_word' id='word_1_267' title='bbox 100 2514 139 2548; x_wconf 85' lang='lat' dir='ltr'>id</span> <span class='ocrx_word' id='word_1_268' title='bbox 163 2515 278 2558; x_wconf 84' lang='lat' dir='ltr'>fecit,</span> <span class='ocrx_word' id='word_1_269' title='bbox 316 2515 402 2552; x_wconf 75' lang='lat' dir='ltr'>cuin</span> <span class='ocrx_word' id='word_1_270' title='bbox 426 2518 580 2552; x_wconf 87' lang='lat' dir='ltr'>Latinos</span> <span class='ocrx_word' id='word_1_271' title='bbox 606 2526 753 2555; x_wconf 84' lang='lat' dir='ltr'>tantum</span> <span class='ocrx_word' id='word_1_272' title='bbox 777 2522 965 2556; x_wconf 76' lang='lat' dir='ltr'>Rhetores</span> <span class='ocrx_word' id='word_1_273' title='bbox 990 2528 1079 2557; x_wconf 86' lang='lat' dir='ltr'>ante</span> <span class='ocrx_word' id='word_1_274' title='bbox 1105 2525 1232 2558; x_wconf 87' lang='lat' dir='ltr'>oculos</span> <span class='ocrx_word' id='word_1_275' title='bbox 1258 2523 1428 2565; x_wconf 84' lang='lat' dir='ltr'>haberet,</span> 
     </span>
     <span class='ocr_line' id='line_1_37' title="bbox 101 2577 1430 2629; baseline 0.006 -20"><span class='ocrx_word' id='word_1_276' title='bbox 101 2577 200 2622; x_wconf 84' lang='lat' dir='ltr'>apud</span> <span class='ocrx_word' id='word_1_277' title='bbox 226 2589 320 2622; x_wconf 85' lang='lat' dir='ltr'>quos</span> <span class='ocrx_word' id='word_1_278' title='bbox 345 2578 392 2613; x_wconf 86' lang='lat' dir='ltr'>de</span> <span class='ocrx_word' id='word_1_279' title='bbox 416 2579 570 2624; x_wconf 81' lang='lat' dir='ltr'>privatis</span> <span class='ocrx_word' id='word_1_280' title='bbox 597 2580 743 2615; x_wconf 80' lang='lat' dir='ltr'>delictis</span> <span class='ocrx_word' id='word_1_281' title='bbox 768 2582 841 2617; x_wconf 82' lang='lat' dir='ltr'>hnc</span> <span class='ocrx_word' id='word_1_282' title='bbox 865 2595 1006 2619; x_wconf 87' lang='lat' dir='ltr'>nomen</span> <span class='ocrx_word' id='word_1_283' title='bbox 1031 2591 1254 2629; x_wconf 84' lang='lat' dir='ltr'>usurpatur,</span> <span class='ocrx_word' id='word_1_284' title='bbox 1280 2586 1357 2618; x_wconf 85' lang='lat' dir='ltr'>non</span> <span class='ocrx_word' id='word_1_285' title='bbox 1382 2582 1430 2617; x_wconf 86' lang='lat' dir='ltr'>de</span> 
     </span>
     <span class='ocr_line' id='line_1_38' title="bbox 102 2638 691 2684; baseline 0.01 -14"><span class='ocrx_word' id='word_1_286' title='bbox 102 2638 286 2682; x_wconf 84' lang='lat' dir='ltr'>publicis,</span> <span class='ocrx_word' id='word_1_287' title='bbox 321 2645 363 2673; x_wconf 73' lang='lat' dir='ltr'>ut</span> <span class='ocrx_word' id='word_1_288' title='bbox 389 2641 485 2684; x_wconf 81' lang='lat' dir='ltr'>apud</span> <span class='ocrx_word' id='word_1_289' title='bbox 512 2641 691 2676; x_wconf 81' lang='lat' dir='ltr'>Graecos.</span> 
     </span>
    </p>
   </div>
  </div>
 </body>
</html>
