1706 3058
1372 157 1427 217 89

107 267 216 317 alio,
257 274 564 323 praeterquam
599 263 763 306 iterum
803 265 857 306 ab
887 263 1105 308 Aeschine
1136 265 1235 308 adv.
1278 266 1431 309 Ctesi-

105 340 336 396 phont³⁰):
365 345 439 393 τῆς
473 343 554 381 τῶν
594 334 777 393 ῥητόρων
819 335 1019 391 ἀκοσμίας
1057 335 1134 380 οὐκ
1174 339 1229 380 ἔτι
1269 346 1432 394 κρατεῖν

108 409 304 452 δύνανται
333 407 428 452 οὔθ’
461 412 502 451 οἷ
524 407 644 463 νόμοι
665 407 758 451 οὔθ’
777 411 819 450 οἱ
846 407 1086 464 Πρυτάνεις,
1117 405 1212 452 οὗθ’
1232 413 1275 452 σῖ
1304 410 1436 465 Πρόε-

102 484 219 536 δροι,
254 479 353 524 οὔθ’
383 478 409 534 ἦ
439 479 750 535 προεδρεύουσα
782 478 916 533 φυλὴ,
950 479 992 521 τὸ
1017 481 1184 522 δέκατον
1215 482 1344 546 μέροςΥ
1364 487 1438 535 τῆς

107 551 276 602 πόλεως.
319 562 362 592 et
402 565 424 591 a
465 551 791 596 Demosthene,
832 547 881 589 in
922 549 1066 605 prima
1097 553 1306 592 adversus
1328 551 1440 599 ‚Ari-

112 621 405 678 stogitonem,
446 621 484 661 si
525 633 673 662 tamen
704 633 832 660 verus
863 621 997 673 hujus
1040 621 1254 663 orationis
1286 635 1440 666 auctor

108 695 432 736 Demosthenes
461 693 688 743 habendus
721 702 809 732 est:
843 689 892 734 οὗ
925 691 1156 746 Πρύτανις,
1199 691 1248 736 οὐ
1282 693 1438 751 Κήρυξ,

112 763 190 809 οὐκ
216 764 486 819 Ἐπιστάτης,
521 762 594 819 οὐχ
623 762 650 818 ἡ
690 762 996 819 προεδρεύουσα
1028 762 1138 817 φυλή
1169 764 1312 808 τούτου
1343 784 1439 821 κρα-

111 844 198 880 τεῖν
230 836 413 880 δύναται.
473 837 707 882 Ceterum,
741 832 933 875 fuerinte
965 832 1030 873 illi
1061 834 1282 889 praesides
1315 852 1338 878 e
1367 839 1439 879 Se-

112 918 238 956 natu,
270 921 354 949 nec
383 921 453 954 ne,
488 921 538 947 ex
565 905 637 947 his
658 904 770 946 locis
801 919 895 946 non
926 914 1057 960 patet.
1120 907 1302 954 Tamen,
1337 922 1441 961 cum

113 979 234 1034 apud
265 977 549 1023 Aeschinem,
593 976 671 1032 qui
713 978 846 1026 hujus
883 974 1084 1017 instituti
1116 975 1337 1032 originem
1367 993 1442 1020 re-

113 1049 222 1098 fert,
254 1062 434 1105 prorsus
465 1049 584 1088 nulla
615 1047 672 1088 sit
699 1051 888 1090 Senatus
918 1046 1117 1098 mentio,
1148 1047 1262 1089 illud
1293 1049 1442 1093 verius

113 1132 251 1178 puto,
291 1118 432 1161 fuisse
471 1118 666 1175 aliquos,
707 1132 798 1158 non
837 1120 1091 1171 Senatores,
1133 1135 1185 1160 ex
1224 1135 1272 1161 ea
1302 1120 1438 1170 tribu,

114 1196 242 1246 cujus
271 1205 363 1233 sors
396 1190 641 1237 evenisset,
684 1199 805 1229 certo
837 1203 1026 1230 numero
1059 1191 1252 1232 delectos
1284 1206 1334 1233 ac
1363 1194 1445 1234 de-

114 1265 296 1320 legatos,
329 1262 408 1318 qui
431 1261 478 1302 in
499 1260 708 1318 gradibus
737 1270 984 1316 suggestus,
1014 1260 1092 1317 qui
1115 1276 1195 1318 pro
1215 1263 1437 1306 subselliis

115 1345 265 1384 erant,
296 1332 609 1390 praesiderent.
671 1334 722 1373 In
759 1331 924 1372 iisdem
955 1333 1162 1389 gradibus
1196 1336 1322 1376 loeus
1355 1348 1446 1379 erat

116 1404 254 1448 etiam
282 1403 562 1458 Prytanibus‚
595 1413 651 1452 et,
682 1402 733 1444 ni
763 1403 902 1455 fallor,
932 1404 1140 1446 Proedris
1163 1420 1344 1462 quoque
1363 1423 1441 1451 no·

114 1491 217 1517 vem
231 1473 716 1526 non-contribulibu53
747 1474 950 1531 ideoque,
973 1476 1051 1531 qui
1068 1477 1270 1532 proxime
1293 1494 1444 1536 sugge-

117 1558 239 1589 stum
259 1546 570 1592 considebant,
602 1546 865 1598 Prytanibus
886 1563 907 1587 e
937 1547 1119 1603 regione
1142 1559 1286 1597 erant,
1320 1552 1441 1607 quod

119 1627 245 1677 patet
273 1632 324 1663 ex
352 1615 658 1672 Aristophanis
697 1623 918 1672 versu’³):

780 1688 836 1725 δεῖ
859 1704 897 1725 σε
922 1689 1147 1735 καταλαβεῖν
1179 1690 1287 1736 ἕδρας

394 1747 468 1786 ιῗπὸ
491 1746 544 1793 τῷ
566 1747 682 1792 λίθῳ,
709 1747 784 1785 τοῖν
805 1751 1032 1798 Πρυτανέων
1052 1751 1282 1798 καταντικρύ.

188 1856 224 1898 ο)
279 1881 285 1889 .
319 1860 397 1902 587.
1299 1903 1306 1906 .

163 1867 224 1962 ξι)
243 1868 296 1951 ἔτ.
315 1918 344 1950 I.
371 1917 410 1950 in
435 1917 626 1962 Aristogit.
652 1929 688 1963 p.
723 1930 802 1964 797.
833 1919 1012 1954 Ceterum
1035 1920 1096 1954 vix
1120 1923 1447 1971 operaepretium

123 1984 200 2019 est',
235 1976 428 2012 Aeschinis
455 1979 683 2012 scholiasten
715 1977 890 2022 laudare,
926 1981 989 2026 qui
1013 1989 1147 2027 negat,
1184 1985 1285 2030 quod
1308 1988 1354 2021 ab
1379 1989 1445 2023 ino

121 2036 364 2079 adfirmatur,
401 2046 558 2084 propter
580 2039 824 2073 Timarchum
847 2040 951 2076 illam
975 2042 1101 2088 legem
1124 2045 1238 2080 latam
1263 2059 1365 2084 esse:
1401 2051 1449 2085 ad

124 2107 179 2130 or.
207 2097 288 2131 adv.
315 2099 503 2132 Timarch.
530 2099 555 2133 1.
581 2099 607 2133 1.
634 2111 670 2144 p.
698 2112 776 2146 727.
811 2101 857 2135 R.
890 2099 1086 2147 ψεύδεται,
1121 2106 1269 2152 inquit,
1302 2106 1343 2145 οὔ
1376 2110 1447 2157 γάρ

124 2154 185 2191 διαὶ
214 2160 418 2202 Τίμαρχον·
455 2155 701 2205 παλαιότερος
720 2159 789 2207 γάρ
825 2156 878 2206 ἦν.
906 2175 956 2197 sc.
984 2162 1005 2199 ὅ
1038 2166 1159 2212 νόμος.
1211 2169 1306 2215 Quis
1329 2171 1447 2206 talem

124 2217 359 2252 Graeculum
384 2219 510 2252 audiat
539 2219 715 2253 Aeschini
743 2222 1024 2268 obloquentem.
1074 2228 1234 2264 Videtur
1258 2238 1385 2267 autem
1409 2234 1449 2267 in

124 2277 283 2320 eodem,
321 2290 394 2323 quo
421 2280 615 2322 Luzacius,
651 2292 782 2315 errore
806 2290 975 2319 versatus
1001 2298 1104 2331 esse,
1147 2297 1189 2325 ut
1212 2291 1310 2326 hanc
1335 2293 1450 2338 ᾳυλὴν

123 2335 416 2384 προεδρειῗουσαᾼν
448 2339 698 2375 confunderet
730 2354 815 2376 cum
846 2344 1131 2398 πρυτανευσῦσῃ.
1165 2372 1211 2378 —
1268 2355 1450 2389 Ceterum

124 2395 355 2443 παρανόμων
393 2407 609 2435 accusatum
641 2413 722 2436 esse
760 2403 854 2449 legis
889 2412 1083 2443 auctorem
1108 2423 1129 2445 a
1162 2413 1363 2448 Timarcho
1399 2415 1450 2449 ait

125 2457 350 2501 Aeschines,
379 2471 414 2505 p.
442 2472 498 2506 59.
524 2468 653 2496 tamen
676 2463 716 2496 in
740 2465 881 2507 judicio
905 2466 966 2501 lex
990 2471 1148 2513 probata
1172 2484 1255 2508 esse
1286 2475 1448 2518 videtur,

123 2523 282 2562 propter
293 2518 403 2564 φυλῆς
429 2520 580 2568 προεὸρ.
604 2525 838 2560 mentionem
862 2526 902 2559 in
921 2539 995 2562 orr.
1023 2531 1101 2566 adv.
1117 2534 1282 2581 ctesiph.
1311 2543 1348 2570 et
1369 2537 1449 2571 adv.

126 2577 370 2622 Aristogiton.
409 2593 567 2629 quarum
591 2589 750 2631 utraque
773 2587 914 2633 aliquot
936 2597 1022 2634 post
1053 2593 1316 2631 Timar-cheam
1347 2598 1455 2631 annis

127 2637 258 2672 habita
282 2645 352 2673 est.

174 2700 234 2742 52)
260 2700 449 2747 Aristoph.
477 2705 624 2740 Eccles.
659 2719 694 2742 v.
717 2708 772 2747 86.
