1706 3058
302 106 381 151 548

296 218 378 257 bus
409 227 502 254 non
534 211 695 264 aliquas
728 220 864 252 terrae
896 221 971 254 aut
998 211 1154 267 populi
1185 210 1318 266 Anici
1345 222 1501 269 partes,
1531 214 1612 258 sed

293 284 543 328 universam
576 280 766 322 Atticam
803 293 1032 337 totumque
1062 285 1273 339 populum
1315 283 1422 326 olim
1463 286 1613 340 appel..

291 358 430 398 latum
464 350 688 404 fuisse¹');
732 354 852 407 quod
884 368 988 394 cum
1020 354 1202 407 dicunt,
1242 354 1355 395 nihil
1388 353 1509 397 aliud
1540 354 1613 397 di..

292 436 423 472 cunt,
456 421 541 463 nisi
573 429 729 478 poetae
760 421 829 463 his
861 423 1118 468 nominibus
1151 425 1210 466 ita
1244 441 1346 468 usos
1378 433 1483 468 esse.
1542 427 1612 468 At-

292 511 378 554 que
411 494 567 538 Cranai
602 493 780 550 quidem
813 507 994 546 nomen,
1024 508 1125 538 cum
1158 512 1303 539 revera
1334 495 1610 546 adjectivum

288 570 364 615 sit,
411 581 434 609 a
464 563 605 622 poetis
637 564 804 620 proprii
847 564 1045 607 nominis
1084 569 1183 608 loco
1223 568 1418 610 adhiberi
1446 566 1613 622 coepit,

287 654 338 682 ac
372 651 466 680 tum
501 639 678 679 demum
713 651 787 680 rex
818 636 999 692 quidam
1031 636 1297 692 fingebatur,
1328 653 1351 679 a
1383 653 1470 695 quo
1502 639 1615 680 illud

292 709 579 751 derivaretur.
650 709 820 749 Eodem
852 709 986 748 modo
1019 721 1122 748 cum
1148 706 1276 762 Ἀκπὴ
1306 709 1485 764 proprie
1516 723 1615 749 cer..

289 792 381 823 tam
426 782 646 835 quandam
695 778 865 821 Atticae
913 789 1079 833 partem
1130 778 1402 833 designaret,
1465 789 1614 821 tamen

288 849 425 894 etiam
450 850 654 892 universa
685 861 824 902 terra,
863 847 1028 904 quippe
1060 861 1150 890 tota
1180 848 1408 898 littoralis,
1444 849 1617 893 Ἀκταία

288 932 446 964 vocata
478 932 566 971 est,
608 933 740 978 atque
773 922 882 966 inde
912 934 935 960 a
966 919 1110 975 poetis
1142 924 1324 965 Actaeus
1367 935 1439 961 rex
1471 921 1616 974 fictus,

290 1007 313 1034 a
355 996 482 1043 cujus
528 990 716 1037 nomine
757 1003 918 1034 terram
964 990 1127 1032 dictam
1167 1006 1258 1035 esse
1290 990 1616 1048 docueruntv).

289 1066 481 1118 Cecrops
510 1075 660 1104 autem
694 1074 737 1104 et
766 1062 916 1104 Atthis
948 1061 1122 1103 etiamsi
1165 1061 1274 1102 nulli
1311 1077 1508 1117 unquam
1551 1062 1617 1103 vi-

287 1145 471 1181 xerunt,
504 1133 687 1175 nomina
720 1145 867 1175 tamen
898 1147 920 1172 a
952 1132 1091 1187 poetis
1121 1132 1182 1173 eie
1215 1146 1378 1176 temere
1408 1134 1616 1188 nullaque

285 1205 461 1250 ratione
494 1203 683 1246 conficta
713 1213 844 1259 atque
885 1214 1136 1251 commenta
1166 1217 1257 1244 esse
1288 1217 1379 1244 non
1410 1214 1613 1260 possunt,

289 1277 401 1335 quin
454 1276 648 1331 aliquam
686 1285 881 1317 veterem
924 1276 1086 1315 famam
1135 1284 1449 1329 sequerentur.
1502 1286 1616 1329 quae

287 1347 581 1395 Athenienses
615 1343 725 1385 olim
757 1345 972 1399 Ceqropes
1009 1354 1086 1385 aut
1117 1342 1381 1398 Cecropios,
1419 1343 1617 1386 Atticam

287 1431 437 1462 autem
467 1416 699 1459 Atthidem
729 1416 988 1471 appellatam
1019 1427 1110 1455 esse
1142 1425 1373 1455 testaretur
1388 1418 1457 1470 ¹*).
1521 1416 1617 1458 Ne·-

285 1507 374 1549 que
414 1503 589 1531 causam
621 1502 715 1528 esse
745 1485 904 1535 video,
946 1501 1026 1528 cur
1066 1487 1118 1526 de
1160 1487 1290 1536 hujus
1322 1486 1464 1529 famae
1494 1485 1616 1526 veri-

285 1574 374 1606 tate
407 1560 677 1603 dubitemus.
740 1561 806 1600 Eo
848 1567 996 1601 autem
1039 1555 1188 1597 minus
1234 1554 1328 1598 veri
1367 1556 1513 1598 simile
1543 1556 1617 1607 viq

287 1633 382 1677 deri
426 1633 582 1682 debet,
628 1635 811 1685 poetam
851 1628 1047 1684 aliquem
1090 1638 1284 1667 veterem
1326 1641 1375 1668 ea
1416 1625 1614 1678 nomina,
1664 1661 1668 1664 .

287 1719 400 1763 quae
431 1699 596 1756 reliqui
629 1714 808 1747 omnes,
856 1702 969 1742 hanc
999 1699 1160 1740 famam
1190 1697 1346 1746 secuti,
1378 1696 1615 1740 universae
1680 1710 1706 1747 ,ξ

285 1775 454 1821 Atticae
486 1769 663 1827 totique
694 1772 859 1825 populo
894 1770 1155 1820 tribuerent,
1186 1782 1268 1823 pro
1297 1783 1378 1810 suo
1400 1768 1615 1811 arbitram

287 1849 343 1894 acl
386 1843 580 1900 singulas
621 1851 766 1897 partes
806 1839 1032 1891 retulisse,
1079 1849 1169 1879 tam
1207 1839 1317 1882 mira
1355 1838 1613 1892 praesertim

287 1910 608 1962 denominandi
641 1909 834 1958 ratione,
867 1912 919 1951 de
952 1923 1035 1965 qua
1066 1910 1216 1964 paullo
1239 1920 1340 1950 ante
1359 1908 1464 1957 dixi,
1521 1914 1613 1952 lta-

287 2003 375 2046 que
415 1989 526 2028 haec
562 1981 659 2024 veri
706 1980 896 2022 similior
946 1980 1128 2021 videtur
1176 1978 1420 2031 sententia,
1470 1990 1611 2025 totam

285 2063 400 2102 hanc
431 2058 483 2102 de
513 2052 613 2097 istis
644 2052 850 2096 tribubus
874 2050 1174 2097 narrationem
1199 2051 1252 2093 ab
1274 2049 1423 2106 aliquo
1457 2064 1612 2094 eorum
1648 2048 1653 2054 ’

335 2207 391 2248 12)
418 2203 499 2241 Vid.
539 2201 742 2247 scriptores
777 2213 800 2237 a
830 2200 1000 2237 Meursio
1023 2198 1214 2243 laudatos,
1240 2199 1361 2244 Regn.
1386 2200 1498 2238 Attic.
1524 2200 1606 2239 Lib.

288 2268 319 2302 Ι.
348 2277 452 2311 capp.
481 2265 512 2298 6.
541 2275 572 2309 7.
604 2275 656 2308 13.
686 2275 737 2308 14.

335 2335 391 2379 13)
427 2331 632 2366 Verissime
668 2332 714 2365 de
746 2332 803 2366 his
834 2331 1013 2367 fabulosis
1047 2330 1223 2365 heroibus
1260 2331 1335 2372 jam
1360 2329 1607 2365 Philochorus

285 2389 423 2433 sensit,
449 2390 613 2426 Eusebio
638 2398 754 2427 teste:
790 2390 862 2429 Τόν
886 2391 956 2437 γάρ
991 2388 1085 2435 μετά
1115 2390 1270 2437 ’Ὤγυγον
1299 2386 1476 2425 ’Δικταῖον
1505 2388 1529 2433 ἢ
1561 2386 1610 2427 u?

284 2447 523 2496 πλασσόμενα
556 2449 747 2496 ὀνομάτων
783 2449 863 2487 οὖδὲ
905 2451 1076 2497 γενέσθαι
1117 2454 1201 2496 φησὶ
1248 2445 1456 2495 Φιλόχορος.
1523 2445 1608 2486 Vid-

287 2512 410 2556 Heyn.
437 2511 484 2544 ad
509 2511 753 2555 Appollodor.
792 2512 887 2545 obss.
915 2522 951 2555 p.
978 2521 1057 2554 320.

335 2581 393 2624 14)
420 2581 480 2613 De
506 2579 659 2613 Atthide
682 2591 758 2613 non
783 2579 894 2615 dubia
917 2589 978 2615 res
1004 2584 1083 2622 est5
1109 2577 1156 2613 de
1187 2579 1357 2624 Cecrope
1377 2576 1476 2613 conf.
1495 2577 1609 2612 Butt-

291 2651 414 2674 mann.
441 2639 607 2689 Lexilog.
634 2652 670 2686 p.
695 2641 751 2688 67.
