1706 3058
269 121 350 163 248

269 228 477 268 Ceterum
508 224 729 266 similibus
761 225 979 270 institutis
1018 227 1128 273 alise
1167 239 1346 282 quoque
1382 221 1591 268 civitaten

271 300 460 340 Graecae
496 310 597 337 usae
628 311 719 338 csse
752 295 982 346 dicuntur,
1013 297 1189 353 Argivi,
1224 295 1391 342 Milesii
1422 309 1467 338 et
1498 300 1590 339 Me-

268 369 549 425 garenscs¹⁵).
621 369 995 419 Syracusanorum
1036 379 1183 411 autem
1234 367 1498 412 Petalismus
1546 382 1593 409 re

271 454 370 481 vera
403 438 519 479 idem
555 437 642 479 fuit
673 453 774 480 cum
808 436 1142 480 Atheniensium
1176 438 1468 492 Ostracismo,
1507 453 1594 481 no-

270 511 392 554 mine
426 521 597 551 tantum
631 520 673 550 et
705 509 865 560 forma,
904 510 1024 566 quod
1056 509 1177 552 foliis
1217 524 1297 566 pro
1339 510 1460 556 testis
1492 521 1595 552 ute-

271 585 453 631 bantur,
486 580 686 622 diversus
702 581 769 639 ¹⁶).

565 819 1076 870 CAPUT
1197 820 1320 872 VII,

337 934 414 986 De
463 931 691 991 legibus
736 929 1003 988 ferendis
1043 930 1537 995 abrogandisque.

359 1088 428 1127 De
457 1085 605 1140 legum
640 1082 917 1125 ferendarum
951 1083 1398 1138 abrogandarumque
1423 1080 1599 1128 ratione

276 1155 499 1211 disputare
539 1151 653 1194 mihi
693 1149 973 1199 instituenti,
1013 1151 1126 1199 illud
1163 1164 1266 1196 ante
1306 1152 1459 1194 omnia
1498 1167 1602 1194 mo-

273 1225 412 1274 nendi
442 1236 547 1266 sunt
575 1225 781 1268 lectores,
820 1232 872 1262 ut
912 1223 1058 1278 legum
1099 1224 1278 1280 (νόμων)
1319 1235 1361 1265 et
1390 1222 1600 1282 Psaphis.-

274 1308 446 1346 matum
486 1291 765 1337 differentiae
804 1296 940 1351 probe
970 1293 1281 1343 meminerint,
1323 1309 1469 1351 neque
1515 1298 1602 1336 La-

274 1367 360 1409 tini
391 1353 606 1413 sermonis
637 1378 721 1409 usu
751 1361 800 1409 in
831 1377 1025 1408 errorem
1056 1363 1255 1413 inducti,
1297 1365 1492 1409 diversas
1533 1379 1601 1407 res

276 1436 398 1477 inter
434 1450 479 1477 se
517 1433 829 1491 permisceant.
896 1437 1022 1490 Apud
1060 1439 1286 1482 Romanos
1324 1435 1446 1479 enim
1485 1437 1601 1492 leges

277 1518 320 1549 et
357 1522 434 1550 eae
478 1506 713 1558 dicuntur,
755 1519 867 1561 quae
905 1507 959 1546 ad
997 1511 1066 1559 jus
1106 1505 1240 1548 civile
1280 1518 1325 1548 et
1364 1505 1603 1563 publicum

274 1579 528 1637 pertinent,
569 1589 613 1619 et
645 1591 746 1625 eae,
788 1575 837 1617 in
868 1577 1027 1641 quibus
1060 1579 1114 1619 de
1144 1576 1336 1634 singulis
1365 1579 1496 1624 rebus
1527 1587 1604 1620 aut

276 1649 537 1696 hominibus
581 1646 937 1699 constituitur¹),
1029 1648 1160 1712 Apud
1216 1649 1403 1696 Graecos
1453 1658 1603 1693 autem

326 1783 382 1828 15)
417 1784 477 1817 De
510 1782 655 1828 Argivis
687 1781 760 1816 vid.
796 1780 947 1814 Aristot.
985 1781 1095 1815 Polit.
1129 1781 1172 1820 V,
1209 1792 1240 1815 c.
1275 1791 1308 1825 5,
1367 1778 1541 1813 Milesios
1566 1783 1606 1812 et

279 1844 526 1888 Megarenses
559 1855 634 1878 una
667 1854 753 1876 curn
785 1841 928 1886 Argivis
960 1841 1130 1879 nominat
1174 1841 1298 1882 Schol‚
1335 1841 1380 1875 ad
1411 1839 1602 1884 Aristoph.

281 1903 421 1948 Equitt.
467 1916 502 1938 v.
536 1909 615 1949 851.
674 1904 855 1938 Ceterum
888 1901 1024 1936 falsum
1058 1908 1135 1945 est,
1181 1901 1281 1948 quod
1325 1901 1467 1941 Petitus
1499 1900 1605 1944 dicit,

279 1964 396 2009 Legg.
423 1965 498 1999 Att.
523 1976 560 2010 p.
587 1974 676 2010 457,
701 1975 778 1997 non
801 1962 956 1996 Athenis
981 1962 1122 2004 solum,
1149 1963 1214 1996 sed
1240 1963 1356 2002 etiam
1380 1962 1420 1996 in
1446 1961 1606 2001 ,subditis

280 2023 492 2058 civitatibus
519 2024 751 2059 Ostracismo
788 2035 873 2057 usos
900 2034 982 2057 esse
1015 2023 1273 2062 Athenienses„
1332 2025 1465 2069 Neque
1489 2022 1528 2057 id
1552 2023 1607 2057 th·-

282 2084 335 2120 cit
368 2085 756 2129 Aristoteles‚APolit.
792 2085 862 2123 ΙΙΙ.
901 2096 953 2128 ¹5·
988 2096 1102 2130 quem
1133 2091 1329 2124 auctorem
1358 2085 1506 2127 laudat,
1539 2083 1607 2120 sed

283 2147 356 2179 hoc
382 2152 552 2189 tantum,
586 2157 649 2180 eos
673 2145 713 2179 in
736 2143 893 2180 subditis
918 2145 1130 2184 civitatibus
1154 2156 1231 2178 non
1254 2145 1377 2179 minus
1403 2145 1606 2192 quam‘do-

283 2207 335 2240 mi
361 2217 426 2240 eos
452 2205 517 2250 qui
540 2206 699 2244 nimium
721 2211 874 2251 praeter
907 2211 1053 2239 ceteros
1088 2206 1340 2248 excellerent,
1376 2206 1605 2254 oppressisse

282 2272 322 2300 et
346 2265 550 2300 sustulisse.
601 2266 675 2305 Sed
698 2265 844 2304 testulis
867 2265 906 2299 in
930 2276 974 2300 eo
998 2277 1075 2306 non
1098 2266 1219 2310 magis
1245 2267 1467 2311 utebantur,
1494 2279 1607 2314 quam

285 2327 484 2360 Persarum
511 2338 598 2369 rex,
624 2328 689 2374 qui
714 2334 752 2362 et
775 2327 856 2372 ipse
879 2324 1028 2370 Μήδους
1058 2329 1119 2360 καὶ
1154 2327 1405 2372 Βαβυλωνίους
1436 2332 1498 2364 καὶ
1529 2329 1605 2365 τῶν

286 2385 407 2422 ἄλλων
429 2383 512 2421 τούς
533 2389 956 2434 πεφρονηματισμένους,
997 2385 1056 2424 διαὶ
1080 2385 1124 2423 vd
1149 2389 1320 2435 γενέσθαι
1343 2385 1427 2424 ποτ’
1452 2385 1512 2425 ἐπ’
1535 2386 1605 2435 io·—

287 2445 366 2492 χῆς,
392 2444 570 2481 ἐπέκοπτε
593 2445 785 2491 πολλάκις,
818 2452 859 2480 ut
883 2446 1019 2481 eodem
1041 2447 1126 2488 loco
1150 2447 1370 2483 Aristoteles
1394 2448 1460 2484 ait.

336 2516 393 2559 16)
420 2514 576 2550 Diodor.
612 2515 684 2550 Sic.
720 2516 784 2550 XI.
812 2528 843 2550 c.
871 2516 926 2554 86.
953 2521 1008 2562 87.

334 2586 369 2626 ι)
405 2584 487 2617 VN.
522 2585 670 2621 Ernest.
699 2585 799 2621 Clav.
828 2584 905 2619 Cic.
932 2584 971 2620 in
996 2583 1078 2620 Ind.
1104 2585 1222 2631 Legg.
1249 2585 1298 2621 cf.
1333 2585 1455 2628 Gellii
1488 2585 1536 2626 N,
1560 2585 1601 2619 A.

292 2647 333 2679 Χ.
363 2658 393 2679 c.
427 2657 480 2681 20.
