1706 3058
291 152 367 197 ιδ’)
399 166 406 175 s

286 257 378 310 τρία
407 255 451 297 δέ
478 255 583 297 ἔστιν
614 253 703 305 εἷ’δη
733 249 1004 306 εἰσαγγελιῶν.
1035 246 1062 304 ἦ
1087 250 1159 305 μὲν
1189 250 1278 307 γὰρ,
1310 251 1376 294 ἐπὶ
1405 255 1618 308 δημοσίοις

286 326 509 379 ἀδικήμασι
538 325 744 379 μεγίστοις
773 323 843 364 καὶ
873 320 1080 378 ἀναβολὴν
1111 322 1166 377 μὴ
1197 324 1517 377 ἐπιδεχομένοις,
1547 328 1619 369 καὶ

286 397 348 452 ἐφ’
382 395 445 446 οἷς
486 396 585 449 μήτε
625 392 726 449 άρχή
758 396 1009 448 καθέστηκε,
1050 392 1150 449 μήτε
1190 393 1313 447 νόμοι
1350 402 1506 438 κεῖνται
1529 403 1620 447 τοῖς

286 469 478 522 ἄρχουσι,
509 474 594 509 καθ
635 464 710 516 οὓς
742 465 994 518 εἰσάξουσιν,
1038 464 1138 508 ἄλλά
1170 464 1274 520 πρὸς
1302 465 1375 519 τὴν
1405 467 1562 523 βουλὴν
1590 467 1622 523 ἥ

287 541 355 582 τὸν
388 543 518 592 δῆμον
549 535 575 591 ἡ
606 536 746 593 πρώτη
766 536 1007 588 κατάστασις
1033 539 1130 580 ἔστω
1163 536 1314 591 (scrib.
1337 540 1428 582 ἐστί.
1489 537 1619 580 Suid.

287 614 438 668 γίνεται
467 610 634 661 habet.)
672 610 741 651 καὶ
772 607 834 663 ἐφ’
876 609 938 660 οἷς
967 615 1025 667 τῷ
1053 610 1125 664 μὲν
1157 609 1377 665 φεύγοντι,
1418 608 1489 652 ἐὰν
1521 607 1620 668 ἁλῷ,

286 684 466 737 μέγισται
508 683 642 734 ζημίαι
683 681 924 733 ἐπίκεινται,
968 679 990 725 ὅ
1030 683 1072 724 δὲ
1115 681 1298 732 διώκων,
1339 680 1411 723 ἐὰν
1450 679 1504 734 μὴ
1537 681 1618 738 ἕλῃ,

287 751 411 796 οὐδὲν
443 756 674 806 ζημιοῦται,
714 755 820 805 πλὴν
859 753 930 795 ἐὰν
968 754 1015 795 τὸ
1056 754 1238 806 πέμπτον
1278 754 1402 808 μέρος
1430 758 1511 795 ταῖν
1539 750 1621 806 ψή·

287 843 381 878 φων
421 824 475 879 μὴ
515 823 738 882 μεταλάβῃ,
779 822 868 866 τότε
905 826 1034 878 χιλίας
1073 825 1242 866 ἐκτίνει·
1285 823 1330 866 τὸ
1371 823 1414 866 δὲ
1450 821 1622 866 παλαιὸν

284 898 354 938 καὶ
373 888 488 938 οὗτοι
515 895 708 949 μειζόνως
736 894 989 945 ἐκολάζοντο.
1054 895 1190 951 Quod
1227 893 1352 942 dicit,
1386 892 1621 950 magistra-

287 979 357 1009 tus
389 981 484 1008 non
517 966 655 1008 fuisse
687 965 980 1013 constitutos,
1024 967 1077 1006 ad
1118 967 1243 1022 quod
1274 963 1498 1019 ejusmodi
1530 964 1623 1007 cri-

284 1038 406 1080 mina
440 1039 678 1079 deferenda
713 1048 881 1086 essent,
929 1051 1076 1093 neque
1108 1039 1251 1093 leges,
1296 1052 1349 1078 ex
1380 1035 1542 1092 quibus
1570 1035 1620 1077 in
1671 1055 1679 1060 ·

286 1106 506 1160 judicium
541 1111 744 1151 ducenda
776 1119 922 1151 essent
953 1123 976 1148 a
1008 1107 1364 1164 magistratibus,
1394 1107 1443 1148 id
1473 1107 1519 1148 in
1553 1122 1620 1150 ex·

286 1177 575 1221 traordinaria
610 1181 707 1230 illa,
742 1183 795 1222 de
828 1178 991 1236 quibus
1025 1194 1153 1235 supra
1186 1179 1328 1222 locuti
1353 1192 1519 1227 sumus,
1553 1179 1624 1221 tle-
1682 1212 1685 1214 -

286 1249 414 1299 licta,
456 1252 706 1294 necessario
748 1251 881 1296 cadit,
952 1251 1026 1294 An
1070 1252 1177 1292 haec
1215 1265 1391 1306 semper
1428 1248 1624 1292 maxima

285 1320 478 1375 fuerint,
511 1335 556 1364 et
587 1335 674 1364 tam
703 1322 978 1380 perniciosa,
1012 1332 1063 1364 ut
1093 1336 1265 1363 moram
1297 1322 1469 1362 nullam
1499 1332 1623 1378 pate-

285 1404 463 1441 rentur,
505 1405 604 1449 post
643 1393 912 1435 videbimus.
956 1417 1011 1425 —
1081 1393 1197 1435 Cum
1248 1391 1620 1447 Harpocrationis

286 1463 549 1506 definitione
581 1465 893 1521 conjungenda
927 1475 991 1505 est
1021 1461 1241 1511 Pollucis,
1286 1477 1398 1518 quae
1437 1474 1504 1505 est
1532 1467 1624 1506 hu-

283 1533 556 1588 juscemodi:
585 1532 649 1576 ‘H
673 1535 708 1577 δ’
743 1538 968 1592 εἰσαγγελία
997 1537 1181 1578 τέτακται
1216 1536 1280 1577 ἐπὶ
1309 1540 1390 1577 τῶν
1421 1533 1625 1592 ἀγράφων

287 1610 497 1661 δημοσίων
529 1604 817 1660 ἀδικημάτων,
858 1607 964 1650 κατεῖ
1002 1606 1073 1650 τὸν
1110 1605 1240 1659 νόμον
1280 1605 1353 1648 τόν
1385 1608 1625 1663 εἰσαγγελτι·

283 1677 438 1732 κείν’ῑ).
502 1679 627 1733 Quae
657 1690 908 1734 sequuntur
938 1678 991 1718 ad
1014 1675 1361 1732 explicationem
1392 1683 1472 1720 τῶν
1502 1675 1625 1735 ἀγρά-

291 1768 384 1805 φων
416 1748 704 1804 ἀδικημάτων,
732 1749 793 1790 ita
824 1760 928 1792 sunt
959 1758 1180 1803 corrupta,
1212 1758 1262 1788 ut
1293 1748 1521 1790 emendari
1543 1749 1623 1794 vix

287 1819 482 1877 possint,
527 1833 792 1878 quapropter
833 1836 881 1862 ea
923 1818 1172 1861 adscribere
1203 1821 1504 1875 supersedeo.
1573 1823 1625 1864 Id
1692 1819 1693 1822 ¹

286 1902 435 1934 tamen
466 1907 518 1934 ex
549 1891 605 1933 iis
637 1903 772 1949 patet,
807 1894 1040 1935 Pollucem
1075 1891 1240 1947 ἄγραφα
1270 1889 1503 1946 άδικήματα
1532 1891 1623 1935 dici

287 1965 401 2004 velle
434 1979 504 2011 ea,
546 1965 640 2019 περὶ
681 1957 739 2007 οἷν
781 1961 859 2008 οὐκ
900 1965 977 2006 εἰσὶ
1017 1961 1150 2016 νόμοι.
1221 1963 1362 2017 Atque
1388 1960 1437 2002 in
1467 1963 1624 2005 eadem

289 2050 392 2078 cum
426 2036 606 2078 Polluce
636 2034 859 2075 sententia
891 2045 996 2076 sunt
1036 2032 1172 2075 etiam
1213 2032 1486 2088 Hesychius,
1527 2034 1626 2078 Sui·

290 2107 365 2147 das
395 2117 440 2148 et
472 2105 549 2163 qui
582 2116 659 2148 aut
687 2105 920 2163 exscripsit
951 2105 1158 2155 Suidam,
1191 2114 1264 2146 aut
1295 2119 1347 2146 ex
1379 2106 1536 2148 eodem
1565 2116 1625 2148 at-

291 2193 377 2233 que
407 2177 482 2219 ille
514 2179 636 2220 fonte
675 2176 848 2226 hausit,
891 2176 1087 2219 incertus
1124 2188 1282 2218 auctor
1322 2175 1472 2218 Lexici
1503 2179 1625 2219 Rhe..

292 2249 447 2297 toxici,
489 2265 632 2306 nuper
661 2264 684 2290 a
714 2250 917 2291 Belzltero
949 2248 1133 2305 vulgati.
1194 2246 1446 2301 Hesychius
1478 2247 1623 2291 enim:

283 2321 504 2378 ”Αγραφα,
537 2320 716 2377 inquit,
750 2319 1002 2376 ἀδικήματα,
1034 2323 1128 2376 περὶ
1160 2314 1217 2364 ὧν
1246 2319 1373 2374 νόμος
1405 2317 1455 2362 οὔ
1485 2322 1624 2376 γέγρα-

292 2409 398 2436 πται.
468 2393 624 2437 Suidas
666 2403 816 2435 autem
854 2402 911 2444 et,
940 2391 1092 2434 Lexici
1132 2387 1361 2433 Rhetorici
1403 2394 1625 2450 auctot³⁴)
1688 2383 1693 2390 ⁴

341 2535 399 2579 53)
429 2533 562 2567 Pollux
595 2534 699 2568 VIII.
736 2544 792 2579 51.

342 2620 400 2663 54)
416 2618 579 2663 Hesych.
601 2630 628 2652 s.
651 2631 684 2652 v.
710 2616 896 2665 '‘Ayparpa.
915 2618 1016 2654 Suid.
1041 2630 1071 2653 s.
1092 2630 1125 2654 v.
1146 2617 1376 2665 Εἷσαγγελιά.
1400 2617 1488 2652 Lex.
1509 2614 1621 2651 Rhet.

298 2678 338 2712 iu
365 2678 528 2714 Bekkeri
553 2678 732 2713 Anecdot.
764 2680 795 2715 Ι.
827 2690 862 2724 p.
899 2691 975 2723 244.
