1706 3058
1378 144 1432 187 97

105 231 263 284 κρίνειν
291 229 337 272 τὸ
365 228 581 284 ψήφισμα,
624 229 663 270 εἶ
688 232 820 278 καλαῖς
850 229 947 283 ἔχει,
988 231 1056 273 καὶ
1087 230 1218 283 οὕτως
1249 236 1428 292 εἰσφέρε-

104 308 204 343 σθαι
233 302 291 350 εἰς
319 300 389 343 τὸν
429 305 573 356 δῆμον.
613 302 684 342 καὶ
732 305 852 342 τοῦτο
905 306 1084 344 καλεῖται
1123 297 1425 362 προβούλεὺμα.

101 371 273 412 Eodem
305 371 437 412 modo
476 370 525 411 in
558 380 817 426 argumento
848 371 991 425 primo
1023 373 1239 416 orationis
1271 379 1427 420 adver-
1489 392 1493 394 ·

99 456 174 483 sus
205 442 543 490 Andmfionmu,
576 443 717 497 legem
748 439 885 482 fuisse
918 441 1101 486 dicitur:
1143 447 1198 501 μὴ
1225 449 1428 507 πρότερον

101 515 160 563 εἷς
188 513 258 557 τὸν
288 517 420 568 δῆμον
448 513 645 567 ’ψήφισμα
675 516 885 569 ἐκφέρειν,
916 518 1012 571 πρὶν
1043 518 1085 559 ἒν
1115 524 1167 575 τῇ
1195 520 1328 577 βουλῇ
1357 526 1425 566 δο-

97 587 337 638 κιμασθείητ
372 583 478 626 etin
498 586 632 625 altero
660 586 859 637 ejusdem
893 586 1106 629 orationis
1138 604 1423 646 argumento:

97 654 236 708 ἐπειδὴ
266 655 343 712 γάρ
374 655 502 706 πολῦς
529 651 582 710 ἦν
615 655 636 700 ὁ
668 658 821 712 δῆμος,
854 659 923 699 καὶ
950 658 1144 710 πολλάκις
1173 667 1423 720 παρεκρούε-

95 742 163 780 το,
195 727 249 782 μὴ
279 725 409 781 νοαῗν,
443 731 479 771 εἰ
507 730 583 783 ἔχει
613 726 932 782 ἐμφωλεύουσαν
962 735 1224 787 κακουργίαν,
1257 737 1325 790 (τὰ
1340 750 1424 794 ψη..

94 801 272 853 φίσματα
301 801 386 853 sc.)
415 806 577 855 πρῶτον
616 801 895 854 παρεπέμπετο
940 804 997 850 εἰς
1032 801 1106 855 τήν
1143 806 1300 860 βουλὴν
1339 815 1424 853 τῶν

93 874 390 923 πεντακοσίων,
430 873 499 913 καὶ
534 870 634 925 αὕτη
668 868 840 925 ἤρεύνα,
886 874 924 914 εἰ
961 873 1038 926 ἔχει
1074 873 1232 930 βλάβην
1268 881 1359 922 τινὰ
1389 882 1423 936 ἤ

91 945 354 998 κακουργίαν.
416 944 484 984 καὶ
515 940 644 990 οὕτως
682 941 860 996 εἰσήγετο
899 945 957 991 εἰς
994 942 1065 985 τὸν
1106 948 1297 1002 δῆμονθ).
1368 954 1419 994 Id

91 1026 171 1068 ego
204 1011 252 1053 in
285 1012 554 1068 quibusdam
585 1013 714 1052 rebus
745 1025 903 1053 verum
937 1027 1029 1053 esse
1059 1027 1195 1070 puto,
1240 1035 1334 1063 non
1366 1022 1418 1065 in

89 1082 312 1127 omnibus.
370 1084 545 1137 Duplex
586 1082 701 1123 enim
742 1096 880 1138 genus
920 1097 1067 1126 rerum
1099 1087 1156 1126 ad
1193 1094 1416 1146 populum

88 1157 368 1197 ferendarum
401 1153 532 1196 statui
564 1155 717 1196 debet:
759 1154 944 1195 alterum
969 1171 1136 1208 earum,
1169 1161 1223 1202 de
1249 1164 1415 1218 quibus

87 1231 298 1271 Senatum
337 1226 507 1283 ipsum,
550 1240 627 1267 sua
665 1236 848 1282 sponte,
900 1228 955 1267 ad
994 1231 1213 1284 populum
1253 1235 1416 1279 referre

88 1308 284 1356 oportet,
327 1298 469 1340 veluti
500 1299 553 1339 de
584 1297 724 1347 beIIO,
762 1310 870 1353 pace
900 1309 943 1340 et
983 1301 1259 1349 foederibus:
1300 1309 1414 1349 alte..

86 1385 186 1414 rum
228 1381 376 1412 autem
406 1384 580 1420 earum,
625 1370 679 1409 de
721 1369 882 1425 quibus
925 1369 1130 1426 privatus
1172 1375 1412 1433 quispiam,

87 1443 319 1499 impetrata
350 1445 535 1484 Senatus
565 1438 718 1487 venia,
753 1441 807 1480 ad
837 1443 1057 1496 populum
1088 1445 1236 1494 refert,
1269 1449 1413 1491 veluti

86 1515 140 1555 de
171 1512 268 1554 cive
290 1510 467 1567 aliquo,
511 1524 716 1559 coronae,
756 1521 946 1559 statuae,
987 1518 1210 1570 προεδρίας
1238 1519 1413 1563 honore

83 1585 293 1627 ornando.
352 1586 403 1625 ln
432 1581 502 1623 his
534 1579 723 1637 aliisque
754 1582 950 1633 ejusdem
981 1584 1154 1639 generis
1173 1589 1304 1629 rebus
1335 1605 1411 1633 ve·

83 1671 182 1698 rum
215 1665 301 1702 est,
344 1655 466 1711 quod
506 1651 795 1694 Grammatici
835 1651 1016 1703 dicunt,
1058 1656 1200 1711 legem
1237 1662 1409 1715 populo

82 1724 271 1784 proponi
301 1738 394 1765 non
423 1722 647 1780 potuisse,
693 1721 784 1764 nisi
816 1737 839 1763 a
870 1725 1034 1766 Senatu
1065 1737 1165 1768 ante
1195 1743 1410 1787 compro-

81 1799 229 1839 batam
251 1805 293 1837 et
311 1794 435 1852 quasi
455 1795 500 1835 in
522 1797 706 1837 Senatus
730 1795 924 1836 consulti
955 1797 1144 1838 formam
1171 1801 1407 1845 redactam.

80 1869 212 1910 Velut
242 1865 550 1922 Ctesiphontis
581 1865 656 1907 illa
685 1868 778 1917 lex,
816 1867 870 1907 de
910 1881 1071 1909 corona
1108 1872 1406 1914 Demostheni

80 1937 261 1997 publice
282 1939 499 1987 donanda,
522 1940 707 1980 Senatus
729 1939 984 1980 consultum
1004 1951 1190 1981 vocatur
1203 1943 1236 1995 ⁹)
1249 1956 1261 1990 ;
1294 1941 1406 1985 item

81 2010 421 2055 Aristocrateum
453 2010 506 2050 de
546 2008 815 2052 Charidemo
850 2008 1212 2066 privilegiumw).
1271 2016 1406 2064 Ejus-

81 2080 208 2124 modi
245 2078 384 2136 igitur
420 2081 562 2136 legeS‚
603 2094 706 2121 eum
737 2095 759 2120 a
798 2082 965 2122 Senatu
997 2084 1308 2137 comprobatae
1339 2100 1404 2126 es-

7 2150 21 2165 '
79 2165 205 2207 sent,
241 2152 603 2208 proponebantur
644 2149 867 2204 comitiis;
909 2153 1103 2208 populus
1140 2152 1404 2210 suffragium

79 2223 237 2273 inibat,
269 2234 314 2263 et
343 2233 420 2264 aut
451 2221 708 2278 antiquabat
737 2237 807 2265 eas
839 2233 913 2263 aut
943 2222 1167 2265 sciscebat.
1229 2226 1314 2267 Sed
1350 2225 1401 2267 in

79 2294 239 2353 prioris
270 2294 442 2351 generis
472 2295 603 2335 rebus
634 2293 806 2334 diversa
838 2304 902 2335 est
933 2293 1055 2336 ratio.
1117 2295 1219 2336 Non
1251 2309 1274 2336 a
1304 2296 1400 2351 pri-

79 2377 184 2425 vato
215 2365 364 2422 aliquo
402 2366 472 2409 lex
511 2364 690 2408 Senatui
727 2366 1054 2423 comprobanda
1085 2365 1289 2417 traditur,
1322 2369 1399 2409 sed

126 2511 163 2549 8)
189 2520 225 2554 p.
250 2514 329 2555 587.
362 2515 402 2545 et
431 2518 510 2556 591.

123 2579 161 2623 9)
187 2578 383 2612 Demosth.
411 2578 609 2631 defforon.
643 2590 678 2624 p.
713 2578 792 2613 266.

128 2647 183 2691 ιο)
211 2646 406 2682 Demosth.
433 2646 512 2682 adv.
541 2646 756 2684 Aristocrat.
790 2660 823 2693 p·
853 2647 929 2692 651.
