1706 3058
735 482 809 516 DE

117 577 568 641 COMITIIS
675 576 1436 636 ATHENIENSIUM

418 701 654 749 LIBER
746 701 1131 750 TERTIUS,

580 867 897 916 CAPUT
953 872 987 917 l.

173 983 245 1026 De
276 982 498 1025 divisione
521 982 691 1040 popu-li
709 981 862 1024 Attici
891 981 938 1023 in
960 981 1104 1024 tribus
1134 989 1179 1025 et
1209 984 1378 1027 carices.

198 1126 286 1165 Res
315 1124 537 1179 postulare
578 1120 784 1170 videtur,
829 1136 936 1163 cum
973 1123 1027 1163 de
1064 1122 1262 1165 tribuum
1289 1123 1440 1166 curia-

110 1208 298 1248 rumque
312 1197 345 1246 ²)
386 1194 696 1235 conventabus
729 1195 814 1233 hoc
842 1192 955 1234 libro
988 1191 1153 1234 dicturi
1186 1194 1347 1242 simus,
1383 1196 1440 1237 de

110 1267 196 1307 hae
235 1264 386 1320 populi
426 1263 558 1306 Attici
599 1262 820 1304 divisione
858 1263 1010 1318 paucis
1058 1275 1158 1306 ante
1199 1280 1438 1321 exponere.

108 1339 171 1381 Ac
201 1333 376 1377 tametsi
418 1333 669 1389 antiquiora
709 1332 950 1376 Clisthenis
991 1336 1266 1391 temporibus
1305 1336 1439 1380 insti-

111 1418 208 1450 tuta
237 1408 292 1448 ad
323 1420 442 1453 eam,
486 1419 619 1461 quam
651 1415 912 1453 tractamus„
953 1404 1185 1449 materiam
1223 1421 1437 1450 non-ma-

120 1578 123 1582 .
158 1532 194 1576 1)
224 1533 464 1578 Quamquam
495 1530 630 1577 δήμους
663 1532 950 1568 Atheniensium
981 1544 1003 1566 a
1036 1534 1147 1568 curiis
1177 1536 1440 1574 Romanomm

110 1594 379 1630 diversissimos
406 1605 489 1628 esse
512 1594 604 1636 scio,
632 1599 771 1635 tamen,
797 1605 885 1627 cum
908 1605 1032 1640 neque
1060 1595 1161 1628 aliud
1186 1596 1343 1629 Latinae
1367 1597 1441 1630 lin-

108 1665 206 1700 guae
230 1654 457 1688 vocabulum
482 1654 632 1688 Graeco
666 1654 753 1687 satis
794 1651 840 1690 ex
873 1655 978 1689 omni
999 1646 1108 1700 parte
1132 1648 1361 1702 respondere
1385 1657 1440 1690 vi-

112 1715 268 1758 deatur,
293 1715 432 1756 malui,
457 1714 626 1759 ipsorum
651 1714 872 1749 Latinorum
896 1715 1134 1760 quorundam
1150 1717 1341 1761 exemplu,
1369 1714 1441 1761 δῆ-

110 1787 202 1822 pave
232 1776 351 1810 curias
387 1775 537 1818 dicere,
575 1786 690 1820 quam
712 1785 799 1809 cum
825 1775 1047 1820 quibusdam
1068 1776 1345 1810 recentioribus
1369 1787 1439 1821 po-

83 1827 86 1829 ·
110 1837 220 1883 pulos
254 1842 318 1871 aut
351 1847 477 1881 pagos.
536 1827 629 1880 Pagi
662 1834 764 1869 enim
788 1846 810 1869 a
842 1833 969 1880 δήμοις
992 1847 1069 1869 non
1093 1837 1215 1869 minus
1241 1836 1440 1879 differunt,

111 1909 227 1944 quam
252 1898 400 1939 curiae3
440 1897 571 1942 populi
604 1903 735 1930 autem
760 1897 985 1934 vocabuhun
1010 1897 1083 1930 hoc
1108 1909 1219 1933 sensu
1245 1899 1342 1943 apud
1368 1900 1439 1933 La-

109 1959 212 1992 tinos
245 1957 458 1992 inauditum
489 1962 557 1991 est.
618 1956 752 1990 Cicero
785 1953 945 2000 δημότας
969 1957 1126 1997 curiales
1152 1959 1265 2000 dicit,
1294 1959 1340 1993 de
1369 1959 1440 1997 Of-

110 2019 172 2052 sic.
209 2019 260 2052 11.
298 2022 348 2055 18-
376 2023 413 2050 et
438 2016 592 2050 Plautus
619 2013 806 2063 δήμαρχον
841 2019 1059 2063 magistrum
1093 2020 1232 2060 cariae,
1267 2021 1437 2061 Aulular2

110 2079 142 2112 Ι.
171 2089 201 2112 2.
230 2089 284 2122 29.
310 2077 408 2110 Nam
431 2074 691 2111 Demarchum
706 2077 758 2111 ibi
776 2078 961 2123 designari
980 2079 1133 2114 dubimn
1151 2074 1226 2113 non
1253 2086 1320 2122 est,
1348 2092 1436 2117 cum

110 2143 152 2174 et
175 2136 330 2171 Athenis
354 2149 412 2171 res
439 2138 502 2182 agi
523 2137 706 2182 fingatur,
743 2146 782 2173 et
808 2139 853 2174 de
880 2140 1084 2174 dividendis
1119 2141 1296 2181 theoricis
1316 2146 1437 2186 'pecu-

111 2199 185 2234 niis
210 2208 333 2232 sermo
358 2198 404 2231 sit
419 2223 429 2239 ,
455 2209 555 2242 quae
576 2197 838 2234 dividebantur
863 2201 1048 2236 curiatim,
1075 2219 1119 2229 -
1165 2204 1333 2245 Tamen,
1369 2201 1437 2236 uhi

112 2258 227 2306 δῆμος
249 2270 326 2292 non
350 2258 517 2302 aliquam
538 2258 670 2303 populi
692 2266 865 2304 partem,
890 2261 977 2303 sed,
1012 2267 1053 2296 ut
1076 2273 1189 2308 saepe
1215 2262 1313 2308 apud
1338 2262 1436 2296 Atti-

111 2331 199 2362 cos,
223 2319 352 2356 locum
373 2318 413 2352 in
436 2329 525 2362 agro
551 2308 674 2355 Attico
700 2320 891 2366 designat,
925 2321 1047 2356 minus
1073 2329 1204 2367 aptum
1230 2330 1286 2358 est
1312 2324 1434 2359 curiae

110 2391 265 2429 nomen.
313 2381 420 2413 Tunc
442 2379 572 2424 itaque
596 2385 661 2414 aut
685 2380 866 2427 oppidum
890 2388 953 2417 aut
975 2394 1110 2429 pagus,
1144 2395 1213 2428 pro
1251 2387 1436 2430 cujusque

111 2441 188 2475 loci
220 2428 418 2483 contexta,
454 2439 633 2474 dicendus
668 2441 741 2475 erit
773 2440 897 2487 δῆμος.
955 2444 1008 2477 Ac
1041 2456 1271 2491 magnopere
1308 2445 1432 2488 doleo,

113 2501 216 2547 quod
238 2511 315 2534 non
347 2500 387 2534 in
415 2500 603 2546 prioribus
637 2512 786 2547 quoque
809 2502 914 2537 libris
948 2505 1109 2539 eandem
1133 2507 1321 2541 rationem
1344 2517 1433 2540 con—

112 2563 259 2596 stanter
282 2566 430 2595 secutus
455 2572 548 2595 sum.
599 2560 673 2594 Sed
696 2572 816 2605 nunc,
848 2563 969 2597 missis
993 2567 1068 2607 jam
1091 2567 1164 2600 illis
1189 2567 1235 2601 ad
1257 2572 1434 2614 typogra-

114 2623 233 2670 phum
248 2646 258 2664 ,
282 2620 428 2657 mederi
450 2621 540 2657 huic
562 2621 663 2657 malo
687 2632 765 2657 non
787 2624 946 2670 amplius
969 2625 1072 2661 licet.
1103 2655 1105 2657 .
