1706 3058
1311 135 1388 185 igi

58 247 287 282 statuatur.
358 238 483 278 Haec
523 244 589 278 est
626 232 1077 279 extraordinariorum
1116 235 1391 289 judiciorum

57 307 185 354 ratio.
244 309 374 365 Apud
394 306 685 356 Athenienses
709 317 857 348 autem
881 306 994 350 illud
1023 307 1151 350 aliter
1178 308 1274 350 fieri
1297 325 1391 351 non

57 379 235 438 potuit,
277 378 370 420 nisi
408 390 484 427 ut,
538 376 576 419 si
615 380 737 434 quod
774 378 943 420 crimen
985 381 1389 426 extraordinarium

57 467 150 494 esse
192 451 442 499 videretur,
486 461 712 493 accusator
752 449 866 491 illud
904 452 959 491 ad
999 454 1212 498 Senatum
1241 468 1390 511 popu-

55 524 207 566 tumve
240 523 448 570 deferret,
480 521 642 577 hique,
673 520 783 577 quid
815 522 869 562 de
899 536 952 563 eo
974 521 1233 565 faciendum
1263 537 1390 576 esset,

54 604 309 641 statuerent!
367 597 460 634 Jam
492 595 676 635 Senatus
696 595 945 649 populusve
975 605 1054 637 aut
1083 594 1171 635 sibi
1203 595 1288 652 ipsi
1319 602 1404 650 jug

57 664 234 708 dicandi
276 680 442 708 munus
481 676 764 714 sumserunt¹
803 677 900 713 aut,
943 667 1063 722 quod
1093 668 1264 724 saepius
1296 670 1395 722 fieri

54 739 245 786 solebat,
278 735 586 794 cognitionem
618 738 672 778 ad
704 735 999 781 Heliasticum
1029 739 1252 791 judicium
1283 746 1392 794 reje-.

55 819 234 858 cerunt,
264 808 328 849 ita
358 819 535 860 tamen,
565 818 617 849 ut
648 807 781 848 simul
814 819 1081 859 statuerent,
1121 826 1209 867 quo
1241 814 1394 855 nomi--

56 897 115 923 ne
144 895 243 923 reus
276 879 325 921 in
356 878 584 932 judicium
617 880 877 928 ducendus,
922 891 966 922 et
997 880 1162 936 quibus
1194 898 1247 925 ex
1278 885 1391 940 legi—

56 956 140 996 bus
170 952 439 1007 judicandus
472 961 514 994 et
543 951 802 1006 puniendus
833 962 971 1000 esset,
1003 963 1137 1008 atque
1167 949 1393 998 accusato«

56 1041 123 1068 res
156 1037 337 1081 quoque
368 1032 554 1072 crearet,
585 1021 665 1078 qui
699 1038 823 1073 eum,
854 1021 1145 1079 reipublicae,
1178 1025 1225 1067 in
1259 1042 1393 1084 quam

56 1105 338 1154 peccaverat,
370 1093 555 1136 nomine
587 1105 857 1138 accusarent.
917 1096 1063 1153 Atque
1094 1096 1169 1138 ina
1201 1111 1394 1142 extraor-

57 1166 335 1210 dinariorum
366 1166 636 1210 delictorum
668 1167 722 1206 ad
753 1169 969 1208 Senatum
1005 1171 1284 1225 populumve
1323 1175 1395 1214 de-

55 1237 163 1281 latio
197 1236 375 1294 proprio
407 1238 593 1282 nomine
616 1242 838 1295 εἰσαγγελία
857 1250 1073 1292 vocatur3
1105 1255 1389 1299 quamquam,

54 1326 159 1353 cum
190 1312 322 1362 hujus
355 1308 564 1351 vocabuli
596 1308 664 1350 vis
694 1325 773 1366 per
802 1324 848 1350 se
881 1308 978 1366 ipsa
1000 1325 1091 1353 non
1123 1312 1274 1359 minus
1305 1317 1396 1358 late

56 1392 228 1439 pateat3
270 1396 404 1437 quam
449 1380 716 1422 Latinorum
754 1381 1031 1436 delationis,
1084 1384 1253 1427 mirum
1299 1403 1394 1429 esse

55 1469 150 1496 non
179 1463 342 1509 potest,
375 1451 513 1495 etiam
544 1453 596 1493 de
628 1451 727 1492 aliis
752 1452 1030 1494 delationum
1051 1457 1282 1510 generibus
1314 1473 1392 1499 no·

56 1542 164 1570 men
215 1527 463 1582 εἰσαγγελίαν
511 1533 553 1564 et
600 1525 792 1564 verbum
835 1527 1100 1580 εἰσαγγέλλειν
1149 1529 1269 1568 haud
1318 1545 1394 1571 ra*

57 1613 108 1641 ro
157 1612 180 1638 a
225 1595 518 1652 scriptoribus
576 1595 852 1650 usu1·pari³¹).
945 1596 1173 1653 Imprimis
1228 1610 1392 1654 autem,

55 1680 226 1728 praeter
266 1670 352 1709 hoc
394 1669 448 1708 de
487 1680 577 1722 quo
626 1681 708 1707 nos
759 1681 882 1708 nunc
932 1659 1128 1723 agimus,
1176 1670 1266 1710 duo
1309 1671 1398 1714 alia

58 1751 183 1785 erant
232 1744 489 1797 εἰσαγγελιῶν
537 1752 696 1794 genera
737 1737 784 1779 in
823 1739 921 1780 foro
964 1739 1109 1781 Attico
1151 1739 1393 1783 usitati-ssia

55 1828 152 1862 ma,
193 1814 400 1862 alterum,
445 1811 497 1851 de
528 1811 641 1851 mala
672 1822 937 1866 parentum,
971 1809 1279 1867 epicler01un1,
1312 1830 1391 1868 pu-

57 1886 268 1940 pillorum
301 1880 590 1935 tractatione,
631 1883 747 1938 apud
786 1886 1056 1928 Archontem
1086 1887 1395 1941 Eponymum,·

44 1951 247 2001 'alterum
278 1956 332 1996 de
351 1952 659 2000 Diaetetarum
675 1968 754 1996 seu
775 1956 1045 1998 arbitrorum
1071 1954 1249 2008 injuriis
1274 1961 1395 2015 apud

60 2031 352 2079 Senatum³²).
423 2029 566 2081 Atque
606 2027 716 2068 haec
757 2027 942 2085 quidem
983 2041 1006 2067 a
1036 2027 1268 2083 proposito
1302 2046 1394 2072 zio-⁹

60 2111 153 2143 stro
185 2096 329 2140 aliena
359 2108 485 2146 sunt;
530 2096 606 2139 illa
640 2097 827 2146 autem,
869 2099 922 2138 de
961 2113 1044 2154 qua
1076 2098 1222 2143 dicere
1255 2100 1392 2143 insti-.

63 2171 252 2219 tuimuS,
293 2173 519 2226 εἰσαγγελία
560 2170 613 2210 ab
652 2169 999 2224 Harpocratione
1038 2168 1101 2211 ita
1146 2171 1389 2218 definitur:

62 2245 328 2301 Εἰσαγγελία,
368 2239 558 2297 inqu-it,⁴
588 2243 788 2299 δημοσίας
824 2240 935 2291 τινὸς
965 2244 1081 2293 δίκης
1120 2241 1250 2297 ὄνομα
1288 2247 1393 2288 ἐστι’

109 2340 169 2390 5‘15
193 2346 253 2378 Ita
270 2356 305 2377 v,
326 2355 358 2377 c.
381 2342 511 2387 Lysias
537 2341 576 2375 in
596 2343 747 2387 Agorat.
777 2353 813 2386 p.
838 2353 912 2386 134.
943 2354 997 2376 20.
1024 2343 1151 2388 Steph.
1169 2343 1390 2393 εἰσαγγεῖλαι

63 2405 168 2446 dicit,
196 2403 298 2450 quod
327 2409 451 2445 antea,
478 2414 515 2447 p.
554 2414 628 2447 134.
669 2414 706 2436 11
741 2408 779 2436 et
808 2414 849 2448 17
884 2408 922 2436 et
947 2403 1038 2438 alibi
1064 2406 1211 2450 saepius
1245 2407 1392 2443 dixerat

63 2464 233 2512 μηνῦσαι.
283 2464 332 2499 cf.
364 2463 420 2497 Id.
441 2463 482 2497 in
502 2462 745 2497 Eratosthen.
768 2475 803 2508 p.
840 2476 915 2507 124.
946 2475 1001 2508 32.
1029 2477 1085 2510 33.
1135 2469 1317 2504 Andocid.
1341 2471 1389 2504 de

65 2525 227 2569 Myster.
257 2535 293 2568 p.
322 2522 355 2557 6.
389 2523 415 2557 1.
446 2523 468 2556 6
506 2529 544 2556 et
575 2535 633 2569 59.
672 2523 720 2557 cf.
753 2524 907 2560 Herald.
938 2526 1134 2563 Animadv.
1165 2529 1206 2562 in
1233 2530 1388 2565 Salmas.

66 2585 138 2627 111,
170 2596 203 2629 7.
226 2583 257 2627 ᾖ.
278 2595 312 2627 4.
333 2595 371 2629 p.,
393 2596 470 2618 221.

112 2647 171 2691 32)
202 2644 286 2678 vid.
313 2646 535 2689 Harpocrat.
571 2651 609 2679 et
636 2646 739 2681 Suid.
766 2659 794 2681 s.
819 2659 852 2681 v.
882 2645 1094 2698 εἰσαγγελία.
1145 2650 1298 2684 ch-ald.
1320 2651 1391 2691 1.1.,

71 2718 102 2741 c.
134 2718 175 2750 14
200 2712 238 2740 et
267 2716 318 2750 15.
351 2705 630 2742 Hudtwalcker.
653 2707 884 2743 de'Diaetet.
912 2705 969 2755 x19.
991 2720 1072 2756 sqq.
