1706 3058
266 112 343 153 262

266 220 556 272 sententiam,
596 237 647 267 ut
675 225 870 283 legitima
901 241 951 270 ac
979 227 1178 270 solennia
1210 230 1585 271 Nomothetarum

267 300 466 347 tempora
498 296 605 338 haec
637 297 726 339 duo
766 301 856 341 sola
889 299 1023 342 fuisse
1052 309 1219 356 putem.
1278 303 1343 341 Ex
1372 299 1441 342 his
1473 301 1587 342 alte-

269 376 368 401 rum
411 367 689 411 recensendis
728 369 901 427 legibue
946 369 1169 412 veteribus
1211 373 1317 423 (τοῖς
1357 374 1587 427 κειμένοις),

269 429 431 487 iisque,
475 449 585 490 quae
616 451 692 482 aut
721 452 972 498 pugnarent
1010 456 1113 484 cum
1150 442 1356 499 reliquis,
1396 454 1472 485 aut
1502 447 1591 495 jam

271 503 494 546 obsoletae
524 509 717 568 (ἄκυροι)
749 523 824 554 aut
845 505 1089 568 superfluae
1121 526 1267 556 essent
1299 517 1483 572 (πλείους
1503 513 1618 563 ἕνός’

270 576 359 628 περὶ
389 576 558 632 ἑκάστης
586 582 788 635 πράξεως)
819 583 1053 633 tollendis;
1092 587 1277 626 alterum
1310 584 1439 626 novis
1470 594 1594 625 vete-

269 659 368 685 rum
400 645 446 687 in
477 648 625 690 locum
658 654 899 695 condendis
933 655 1083 695 datum
1116 666 1219 695 erat.
1282 659 1427 697 Novas
1459 654 1597 712 igitur

271 716 388 771 leges
419 719 535 760 haud
566 721 692 765 aliter
726 723 830 766 ferri
871 724 1050 766 licuisse
1093 725 1306 775 arbitror,
1349 741 1481 782 quam
1513 727 1595 768 sub

271 787 377 828 anni
417 795 632 848 cujusque
673 793 884 842 initium,
933 810 1012 850 per
1038 795 1223 838 comitia
1263 797 1368 846 ista,
1411 798 1458 838 in
1491 796 1595 854 qui-

270 859 352 899 bus
382 862 578 904 solennis
609 863 749 919 νόμων
780 869 1072 923 ἐπιχειροτονία
1111 870 1421 924 peragebatur,
1464 879 1598 924 atque

272 944 294 970 a
344 934 509 988 populo
568 936 684 991 leges
746 952 890 979 novae
950 949 1027 978 aut
1085 938 1236 980 statim
1298 938 1598 995 repudiaban-

275 1014 346 1043 tur
397 1016 471 1046 aut
520 1007 575 1047 ad
623 1010 995 1050 Nomothetarum
1051 1008 1273 1061 judicium
1335 1009 1600 1062 rejicieban-

274 1083 359 1117 tur,
436 1076 580 1118 Possit
630 1078 790 1135 aliquis
841 1083 956 1121 hanc
1005 1080 1269 1121 sententiam
1317 1082 1417 1122 loco
1481 1094 1597 1137 quo-

275 1146 376 1186 dam
444 1151 818 1193 Demosthenicae
898 1150 1114 1192 orationis
1176 1151 1223 1192 in
1296 1151 1600 1194 Timocratem

275 1217 526 1260 confirmari
556 1233 731 1276 putare,
772 1221 853 1264 ubi
893 1222 953 1263 ait
991 1234 1155 1271 orator,
1197 1222 1434 1264 definitum
1467 1222 1602 1264 fuisse

277 1301 326 1329 ac
366 1300 534 1331 certum
588 1302 761 1348 tempus
812 1301 888 1338 τοῦ
925 1302 1186 1349 νομοθετεῖνε
1237 1295 1314 1335 sed
1354 1291 1600 1334 accuratius

278 1373 456 1400 omnem
499 1355 620 1403 illius
659 1362 746 1404 loci
786 1376 984 1408 tenorem
1026 1363 1318 1422 perpendenti
1359 1363 1599 1420 apparebit,

278 1430 343 1470 nil
374 1432 494 1473 aliud
536 1445 757 1476 oratorem
802 1437 1052 1492 designare,
1097 1451 1255 1492 quam,
1288 1449 1380 1476 non
1410 1433 1601 1484 licuisse,

277 1501 424 1543 statim
456 1515 556 1559 post
590 1505 707 1547 illam
741 1510 1080 1565 ἐπιχειροτονίαν,
1117 1510 1173 1548 XI
1204 1505 1601 1548 Hecatombaeonis

281 1572 354 1614 die
394 1587 639 1631 peractam,
681 1581 975 1621 Nomothetas
1015 1577 1232 1620 constitui
1274 1578 1505 1633 legemque
1545 1574 1601 1617 iis

280 1645 416 1694 tradi,
458 1647 505 1688 id
546 1652 664 1705 quod
703 1664 726 1691 a
757 1651 1016 1693 Timocrate
1046 1651 1214 1692 facturn
1245 1659 1358 1697 erat,
1391 1662 1494 1689 cum
1526 1662 1608 1689 ex-

280 1720 549 1772 pectandum
581 1720 758 1774 fuisset,
791 1722 955 1774 donec,
985 1732 1085 1777 post
1115 1719 1290 1761 tertiam
1324 1719 1506 1760 demum
1530 1733 1606 1761 ec-

282 1787 482 1837 ciceiam,
522 1792 765 1847 propositis
805 1808 882 1848 per
922 1807 1054 1833 omne
1083 1791 1198 1832 illud
1230 1802 1405 1845 tempus
1435 1789 1606 1846 legibus

283 1868 384 1898 ante
433 1870 597 1903 statuas
647 1866 1015 1918 Eponymorum,
1075 1861 1320 1917 creatisque
1367 1874 1391 1901 a
1439 1862 1605 1917 populo

283 1929 506 1981 Syndicis‚
549 1948 615 1974 res
646 1932 694 1974 in
725 1935 1098 1975 Nomothetarum
1130 1930 1319 1974 coneilio
1350 1930 1435 1972 rite
1473 1942 1606 1988 atque

285 2000 438 2043 ordine
475 2004 730 2055 pertractari
764 2008 987 2063 posset³¹).
1021 2027 1078 2038 -
1136 2003 1222 2046 Sed
1253 2000 1394 2058 magis
1426 2003 1481 2043 ad
1511 2016 1605 2044 rem

333 2159 390 2202 33)
427 2160 548 2194 Locus
581 2161 847 2196 Demosthenis
879 2161 940 2195 hic
974 2167 1050 2204 est,
1096 2159 1178 2196 adv.
1212 2159 1417 2193 Timocrat.
1452 2167 1488 2201 p.
1523 2164 1630 2203 705.'
1692 2174 1695 2181 ·

277 2217 427 2261 ’'Eonv,
456 2215 484 2254 ὦ
509 2219 611 2268 ἅνδρ.
635 2219 747 2266 Ἀθ.,
773 2221 813 2257 ἐν
835 2224 913 2259 τοῖς
937 2217 1016 2257 οὖσι
1040 2218 1167 2267 νόμοις
1190 2218 1279 2265 ιῗμῗν
1311 2220 1447 2264 κυρίοις
1483 2215 1606 2262 &copa-

288 2282 402 2321 ‘Wl'oe
426 2279 582 2327 ἀκριβῶς
606 2287 665 2319 καὶ
691 2283 813 2328 σαφῶς
835 2279 972 2326 πάνθ’,
997 2280 1066 2318 ὅσα
1090 2278 1145 2316 δεῖ
1167 2280 1289 2316 ποιεῖν
1311 2283 1393 2323 περὶ
1419 2277 1494 2315 τῶν
1517 2278 1608 2323 μελ-

286 2335 427 2374 λόντων
450 2339 677 2387 τεθῆσεσθαι
709 2341 854 2388 νόμων·
890 2346 950 2377 καὶ
983 2340 1133 2389 πρῶτον
1161 2340 1228 2385 μὲν
1251 2337 1448 2382 ἁπάντων,
1479 2335 1608 2384 χρόνος

290 2397 362 2433 iar)
387 2407 649 2446 γεγραμμένος,
685 2403 723 2439 ἐν
756 2400 784 2448 ᾦ
815 2399 990 2448 προσήκει
1013 2402 1251 2446 νομοθετεῖν·
1289 2397 1354 2434 εἶτ’
1390 2396 1473 2436 οὑδὲ
1505 2393 1607 2440 ὥθ’,

289 2455 336 2495 m'c
361 2459 406 2495 div
429 2459 565 2506 ἑκάστῳ
601 2463 708 2511 δοκῇ,
742 2463 872 2500 δέδωκε
896 2461 1004 2498 τοῦτο
1037 2458 1233 2505 πράττειν,
1268 2456 1360 2494 ἀλλά
1385 2455 1610 2503 προστάττει

288 2521 437 2563 πρῶτον
458 2524 525 2566 μὲν
549 2523 716 2560 &anserum
741 2522 909 2568 πρόσθεν
933 2522 1006 2557 τῶν
1029 2517 1255 2565 Ἐπωνῦμων
1278 2517 1497 2566 γράψαντα,
1521 2530 1608 2552 σκο-

287 2584 369 2617 πεῖν
393 2583 445 2627 ’τῷ
466 2585 676 2630 βουλομένῳ
702 2599 732 2620 κ.
760 2599 791 2620 τ.
817 2585 848 2620 λ.
889 2584 950 2628 (Id
983 2589 1056 2618 est:
1082 2593 1159 2614 non
1184 2580 1305 2614 solum
1335 2586 1484 2624 tempus
1512 2576 1606 2611 illud

289 2644 517 2689 {egitimum‚
543 2652 627 2691 post
652 2646 802 2680 tertiam
828 2644 1052 2688 ecclesiam,
1079 2640 1291 2689 expectari,
1317 2639 1382 2675 sed
1406 2639 1520 2676 etiam
1539 2649 1608 2684 pu-
