1706 3058
224 86 304 130 542

226 206 421 250 gnopere
450 190 694 250 pertinent,
724 199 890 237 tamen,
921 201 1026 230 cum
1056 189 1110 230 de
1131 187 1202 230 his
1231 203 1375 247 nuper
1402 204 1425 232 a
1458 192 1552 234 ela-

226 262 415 306 tissimis
452 262 559 303 viris
590 259 883 302 subtilissime
926 257 1199 317 disputatum
1232 259 1313 307 sit,
1353 275 1444 302 non
1477 261 1554 302 in·-

226 346 403 392 gratum
443 332 679 375 lectoribus
721 333 815 373 fore
859 331 1062 378 confido,
1112 329 1173 377 si,
1215 345 1326 387 quae
1367 334 1418 372 ab
1465 332 1553 374 illi·

228 406 351 446 haud
385 414 503 445 recte
534 402 642 444 mihi
674 401 886 443 videntur
917 413 1078 444 statuta
1113 415 1226 449 esse,
1260 401 1451 444 breviter
1480 419 1556 446 re..

228 475 455 522 futavero‚
499 488 731 530 meamque
763 468 906 529 ipsius
937 471 1227 519 sententiam,
1261 474 1552 530 argumentis,

230 557 449 602 quantum
490 548 578 589 hoc
615 547 716 587 loco
749 542 844 587 fieri
876 554 1048 601 potest,
1093 544 1422 600 confirmatam,
1451 560 1556 600 pro.-

229 630 432 672 posuero·

315 687 516 730 Primum
557 685 694 743 igitur
733 688 818 728 hoe
857 683 962 726 satis
1006 684 1124 727 inter
1171 700 1325 729 omnes
1367 699 1553 740 constat,

231 757 340 799 inde
371 760 423 799 ab
455 756 781 814 antiquissimis
815 755 1087 808 temporibus
1118 756 1166 798 in
1198 769 1387 814 quatuor
1415 758 1559 801 tribus

232 830 469 882 descriptos
508 829 795 872 Athenienses
847 826 1008 876 fuisse,
1068 829 1211 869 donec
1262 828 1557 886 multiplicato

231 915 256 942 a
288 900 521 943 Clisthene
552 913 739 941 numero
784 901 938 941 decem
971 914 994 939 e
1036 909 1230 955 quatuor
1271 901 1411 941 factae
1453 899 1559 942 sint.

234 973 321 1014 Sed
355 986 466 1028 quae
498 971 551 1012 de
589 971 820 1027 Cecropis,
861 968 1018 1014 Cranai
1049 982 1093 1011 et
1122 970 1409 1013 Erichthonii
1442 973 1556 1014 circa

232 1045 346 1084 hanc
377 1058 469 1083 rem
499 1041 717 1083 institutis
750 1045 1005 1090 traduntur,
1048 1041 1242 1083 dubitari
1275 1057 1367 1085 non
1399 1054 1560 1100 potest,

233 1114 366 1169 quin,
408 1114 524 1156 sicut
565 1112 744 1162 omnia,
795 1127 909 1169 quae
941 1115 994 1154 de
1026 1123 1114 1154 tam
1145 1114 1388 1170 longinqua
1420 1125 1562 1156 aetate

231 1186 397 1227 narrari
428 1201 450 1228 a
481 1183 703 1226 veteribus
735 1186 896 1231 solent,
929 1198 1020 1224 non
1052 1183 1184 1225 certis
1217 1198 1261 1226 et
1289 1184 1562 1241 incorruptio

233 1271 382 1301 rerum
415 1267 634 1312 gestarum
667 1255 972 1295 monumentis
1005 1256 1060 1294 ad
1089 1255 1360 1308 posteritatis
1393 1271 1561 1298 memo·

234 1327 348 1369 riam
390 1336 651 1383 propagata,
696 1325 773 1365 sed
812 1338 834 1365 a
874 1323 1195 1366 recentioribus
1244 1325 1560 1382 scriptoribus.

235 1399 314 1455 qui
343 1414 366 1440 e
396 1405 630 1455 poetarum
653 1393 816 1436 fabulis
848 1394 1049 1450 antiquas
1071 1398 1338 1450 populorum
1358 1395 1562 1438 historias

234 1482 386 1510 eruere
408 1468 688 1514 studuerunt,
711 1465 757 1505 in
781 1465 977 1507 medium
1001 1467 1171 1521 prolata
1187 1466 1332 1507 videri
1354 1469 1560 1509 debeant.

233 1541 390 1595 Neque
422 1539 517 1581 fore
557 1536 753 1578 arbitror·
785 1551 1082 1593 quemquam,
1122 1536 1201 1593 qui
1233 1552 1256 1579 a
1286 1553 1358 1579 me
1391 1537 1563 1579 dissen-

233 1609 338 1658 tiat,
372 1620 448 1652 aut
479 1607 668 1651 rationes
700 1607 787 1649 sibi
819 1624 972 1651 omnes
1005 1608 1266 1665 singulatim
1299 1607 1488 1650 subduci
1521 1617 1566 1649 et

233 1675 525 1722 demonstrari
566 1679 784 1734 postulet,
826 1680 863 1722 si
907 1695 1006 1729 eos,
1050 1679 1235 1736 quibas
1265 1680 1430 1722 fabulas
1461 1689 1566 1722 tan-

233 1765 368 1807 quam
394 1749 603 1796 historias
638 1761 904 1800 tractarunt,
938 1766 961 1794 a
992 1766 1099 1793 vero
1133 1753 1355 1794 aberrasse
1389 1762 1433 1792 et
1463 1764 1564 1807 ope·

234 1837 326 1867 nm
358 1820 602 1879 perdidisse
645 1823 924 1864 contendam.

322 1896 503 1936 Certum
537 1902 614 1941 est,
646 1903 806 1934 terram
838 1891 1029 1935 Atticam
1059 1893 1154 1948 ipso
1187 1892 1275 1934 situ
1307 1907 1359 1935 ac
1388 1894 1470 1935 soli
1489 1907 1566 1935 na·

235 1976 331 2010 tura
365 1965 412 2006 in
445 1975 530 2004 tres
562 1974 639 2004 aut
670 1975 860 2019 quatuor
889 1975 1032 2019 partes
1055 1962 1247 2006 divisam
1281 1979 1390 2009 esse.
1451 1966 1567 2006 Nam

237 2044 261 2080 a
293 2034 519 2092 Megaride
550 2033 736 2078 Atticam
769 2033 955 2076 intranti
986 2033 1108 2089 regio
1144 2045 1208 2076 est
1238 2034 1566 2091 patentioribus

240 2123 373 2165 quam
416 2107 576 2163 reliqua
620 2105 813 2163 campis,
864 2104 1182 2162 montibusque
1224 2105 1477 2147 minoribus
1521 2115 1566 2147 et

237 2178 524 2235 paucioribus
558 2176 829 2233 interrupta.
871 2192 981 2231 quae
1023 2177 1076 2217 ad
1114 2175 1325 2218 Boeotiae
1370 2174 1566 2218 confinia

239 2260 503 2304 montesque
545 2252 838 2299 Par-nethem,
879 2247 1147 2293 Bdlessum,
1202 2245 1480 2289 Pentelicum
1523 2249 1577 2291 et,

239 2321 503 2372 Hymettum
535 2319 791 2376 porrigitur.
857 2321 974 2359 Haec
996 2316 1135 2374 igitur
1166 2331 1186 2357 a
1210 2332 1256 2357 re
1286 2316 1377 2372 ipsa
1414 2321 1568 2361 Πεδίον

242 2389 469 2448 dicituv).
531 2391 615 2433 Sed
649 2393 743 2443 ejus
775 2388 995 2434 maritima
1027 2402 1124 2448 pars
1149 2399 1462 2448 saepenumero
1493 2401 1564 2444 pe-

291 2547 326 2587 α)
353 2547 575 2592 Harpocrat.
604 2552 643 2579 et
667 2545 768 2580 Suid.
796 2547 835 2579 in
860 2543 1039 2582 Πιδιακά,
1071 2543 1128 2578 Cf.
1155 2545 1303 2577 Kuster.
1330 2543 1376 2576 ad
1401 2541 1503 2577 Suid.
1527 2547 1568 2575 et

241 2607 382 2643 Alben.
420 2608 467 2644 ad
501 2607 662 2653 Hesych.
695 2608 804 2642 Tom.
850 2608 899 2642 ΙΙ.
932 2618 969 2650 p.
1002 2610 1080 2651 898.
1139 2606 1269 2640 Exstat
1298 2602 1394 2638 illud
1425 2611 1566 2636 nomen
