1706 3058
1345 105 1429 164 ³95

97 217 287 257 Et.vere
319 210 406 253 hoc
435 207 575 260 dixit.
623 209 660 253 si
691 207 916 266 propriam
949 221 999 253 ac·
1028 211 1256 268 vulgarem
1286 214 1422 267 hujus

97 282 304 341 vocabuli
350 283 443 323 vim
484 286 746 337 spectemus.
825 285 913 325 Sed
955 284 1130 340 reponit
1175 285 1419 342 Lycurgus,

97 360 359 398 Leocratem
391 367 484 394 non
514 368 652 394 unam
693 353 888 409 aliquam
925 355 1196 411 reipublicae
1233 368 1421 411 partem,

94 428 200 474 sed,
243 436 460 483 quantum
505 424 688 480 quidem
728 423 775 465 in
816 424 914 481 ipso
958 426 1115 480 fuerit,
1164 425 1424 471 universam

93 496 418 554 rempublicam
448 495 648 538 hostibus
679 495 937 551 prodidisse.
998 497 1268 540 Gravissimo
1299 500 1425 543 enim

94 584 197 611 casu
208 567 372 610 afflicta
385 567 584 615 civitate,
600 581 705 608 cum
717 566 863 608 victor
876 568 1076 609 hostium
1093 569 1307 612 exercitus
1321 586 1422 627 pro-

91 638 268 697 pediem
290 640 560 680 adventurus
584 637 818 679 videretur
840 641 893 680 ad
913 641 1070 681 urbem
1092 639 1231 696 ipsam
1253 656 1423 699 oppug-

92 711 301 757 nandam,
327 724 431 752 cum
452 725 607 751 omnes
621 708 828 751 omnium
843 710 1056 752 ordinum
1071 722 1205 767 atque
1225 724 1424 758 aetatum

82 781 299 824 'homines
330 784 385 823 ad
415 796 535 822 arma
566 780 713 821 vocati
745 791 909 829 essent,
951 781 1100 837 ipsum
1133 795 1261 824 exuta
1293 786 1424 827 omni

92 852 262 911 patriae
293 851 499 905 caritate,
531 852 655 893 omni
679 843 849 894 civ'ium
879 867 1065 894 suorum
1095 869 1258 904 amore,
1292 857 1424 899 omni

91 925 142 966 in
173 930 291 967 Deos
322 923 485 980 patrios
517 933 650 978 atque
679 933 857 977 penates
879 923 1059 979 pietate,
1093 926 1228 972 clam,
1263 938 1421 970 contra

90 996 247 1053 populi
279 997 531 1042 decretum,
562 993 803 1049 aufugisse,
837 1004 879 1035 et
904 993 965 1035 ita
987 995 1229 1051 aufugisse,
1261 1008 1310 1038 ut
1340 998 1420 1053 qui

89 1082 318 1123 nunquam
350 1076 465 1107 esset
498 1064 719 1106 rediturus
731 1066 803 1115 ⁶³).
862 1066 1002 1120 Atque
1034 1067 1087 1107 de
1118 1066 1194 1106 tali
1226 1068 1427 1111 facinore

90 1138 300 1181 statuisse
329 1142 417 1190 jam
450 1138 622 1178 dudum
651 1137 895 1192 populum,
940 1137 1052 1192 quid
1083 1150 1195 1180 esset
1221 1140 1424 1182 sentien-

93 1211 224 1250 dum:
257 1222 362 1250 nam
393 1209 439 1250 in
470 1206 678 1260 Autolyci
709 1208 942 1260 cujusdam
965 1222 1108 1257 causa,
1143 1210 1219 1265 qui
1241 1211 1419 1263 similis,

90 1294 364 1338 quamquam
404 1278 558 1321 minus·
595 1278 756 1322 atrocis
801 1278 1006 1322 criminis
1050 1294 1280 1325 accusatus
1311 1297 1418 1335 erat,

91 1355 324 1394 decretum
354 1365 468 1403 esse,
501 1365 590 1399 εοε,
623 1351 700 1407 qui
731 1350 920 1406 patriam
952 1351 1002 1392 in
1035 1352 1294 1396 discrimine
1324 1372 1426 1400 ver-

91 1434 262 1464 sau-tem
296 1422 612 1471 deseruissent,
644 1421 914 1478 proditionis
948 1425 1166 1479 teneri⁶⁹).
1224 1429 1280 1470 At
1310 1443 1420 1471 vero

91 1497 177 1536 hoc
206 1507 301 1534 uno
332 1492 495 1534 delicto
526 1507 621 1534 non
653 1503 915 1534 contentum
957 1497 1214 1539 Leocratem
1254 1497 1302 1539 in
1333 1514 1423 1541 vo-

89 1563 286 1607 luntario
325 1565 401 1606 illo
443 1563 641 1621 quinque
681 1578 902 1605 annorum
944 1565 1102 1616 exilio,
1145 1569 1422 1625 Megarensis

91 1636 245 1680 nescio
288 1640 414 1688 cujus
455 1650 560 1677 cum
597 1650 773 1677 summo
813 1646 856 1677 et
885 1649 968 1677 suo
1009 1649 1053 1678 et
1082 1638 1250 1693 patriae
1283 1641 1422 1682 dede..

91 1724 192 1752 core
233 1707 464 1754 clientem,
513 1704 601 1746 alio
645 1706 779 1747 etiam
817 1709 951 1749 modo
993 1708 1041 1749 in
1087 1709 1420 1764 rempublicam

89 1793 316 1838 peccasse,
348 1778 574 1819 frumento
607 1776 880 1820 Corinthum
911 1794 1005 1820 non
1035 1782 1222 1822 Athenas
1254 1784 1423 1825 vehen-

93 1853 233 1908 d070).
293 1852 444 1906 Itaque
475 1859 563 1890 tam
593 1848 886 1905 multiplicia,
921 1863 1102 1908 tamque
1133 1867 1292 1909 magna
1324 1868 1421 1895 esse

92 1929 186 1977 ejus
219 1919 403 1970 delicta,
446 1931 538 1962 tam
577 1936 706 1976 supra
747 1936 928 1964 ornnem
967 1925 1199 1980 vulgarem
1229 1926 1422 1966 modum

91 1982 282 2043 atrocia,
324 2003 376 2034 ut
413 1992 563 2032 nullae
603 2006 759 2034 eorum
796 2004 964 2046 poenae
992 1994 1215 2036 veteribus
1243 1995 1422 2053 legibus

91 2065 363 2111 consti-tutae
393 2056 495 2103 sin-t.
557 2065 713 2119 Neque
742 2063 864 2105 enim
887 2080 1085 2122 unquam
1108 2062 1244 2117 fuisse
1267 2080 1418 2121 quem-

92 2151 248 2194 quam,
283 2134 357 2192 qui
388 2145 480 2175 tam
508 2134 703 2190 graviter
722 2136 1011 2192 delinqueret,
1043 2152 1191 2193 neque
1212 2137 1417 2180 futurum

92 2208 328 2264 aliquando
359 2205 594 2261 providere
614 2207 880 2262 legislatores
904 2208 1181 2264 potuisse³¹).
1200 2233 1258 2242 —-·
1296 2211 1421 2250 Haec

91 2261 244 2335 paullo
291 2275 545 2319 accuratius
582 2281 840 2334 exponenda
886 2278 1070 2335 putavi,
1128 2280 1229 2339 quia
1275 2282 1417 2322 hocce

98 2428 102 2431 ’
139 2434 198 2476 68)
226 2430 321 2467 Ibid‘.
347 2445 384 2478 p.
416 2443 490 2477 152.
519 2445 578 2480 27¹

137 2501 196 2547 69)
228 2501 321 2537 Ibid.
348 2513 383 2546 p.
415 2509 487 2546 154.
515 2513 570 2546 51.

139 2571 200 2616 70)
227 2570 321 2604 Ibid.
348 2582 383 2615 p.
416 2581 490 2614 152.
519 2575 569 2609 18.

138 2639 198 2684 γι)
227 2639 321 2673 Ibid.
349 2651 385 2684 p.
417 2644 489 2684 ¹48·
517 2651 570 2681 41<
