1706 3058
1410 122 1460 178 57

144 233 345 290 excipere
364 243 590 290 pota-ann
621 246 913 289 quamquam,
946 244 1141 288 quonam
1169 228 1337 274 Piraeei
1366 231 1465 270 loco

141 303 323 348 comitia
360 303 513 346 haberi
549 306 886 351 consueverint,
927 318 950 344 a
980 302 1162 361 nemine
1184 311 1466 348 memoratur,

142 390 194 418 ac
215 391 332 416 mera
355 386 419 416 est
439 379 713 427 conjectura,
747 375 868 430 quod
897 372 1082 430 Biagius
1115 384 1265 430 putat,
1301 372 1466 413 factum

140 445 189 500 id
211 462 303 488 esse
327 446 372 487 in
391 447 488 488 foa-o
509 445 812 503 Hippodamio
828 446 913 500 23).

225 521 276 559 In
304 517 547 570 Munychia
570 532 746 573 quoque
765 515 814 556 in
842 518 1013 558 theatro
1045 516 1227 559 comitia
1250 530 1472 558 nonnum·

143 603 276 645 quam
303 588 413 629 facta
439 602 530 628 esse
556 598 728 629 certum
751 598 816 629 est
833 603 883 628 ex
897 587 1163 641 Thucydide
1178 599 1221 628 et
1234 586 1469 640 Lysia2⁴);

142 671 187 702 et
213 659 261 700 in
283 661 480 706 Colono,
515 674 566 700 ex
584 660 742 701 eodem
778 659 1059 713 Thucydide.
1117 663 1222 701 Erat
1251 670 1400 703 autem
1432 656 1471 698 is

143 732 269 784 locus
284 734 493 786 Neptuno
516 731 710 784 equestri
735 743 1014 773 consecratus
1037 732 1192 773 decem
1214 730 1353 772 ferme
1379 739 1472 771 sta-

144 801 320 843 diorum
342 804 392 842 ab
417 803 524 842 urbe
552 799 802 845 intervallo.

233 874 442 915 Ceterum
473 873 526 912 de
546 871 641 913 istis
666 873 877 927 comitiis,
909 889 1021 930 quae
1041 873 1150 915 locis
1173 887 1265 913 non
1288 885 1473 913 consue·

144 942 203 985 tis
223 944 464 990 habentur,
497 942 713 984 usitatum
731 957 811 987 ,est
841 948 1027 986 verbum
1054 943 1393 998 ἐξεκκλησιάζεινς
1422 954 1474 984 ut

144 1012 536 1055 docetscholiastes
551 1014 828 1067 Thucydidis
894 1017 934 1068 );
960 1029 1225 1071 quamquam
1236 1014 1371 1056 etiam
1391 1030 1472 1070 pro

142 1083 417 1139 ἐκκλησιάζειν
428 1084 692 1142 simpliciter
705 1085 879 1129 dictum
892 1086 1115 1144 reperitur
1125 1085 1172 1128 id
1184 1088 1373 1130 verbum
1387 1091 1407 1110 2
1417 1086 1473 1144 ⁶).

192 1216 250 1260 23)
279 1217 340 1250 De
358 1217 513 1251 Decret.
542 1219 677 1254 Athen.
710 1232 742 1254 c.
765 1221 842 1254 XV.
866 1221 899 1265 ἕ.
923 1232 974 1256 11.

191 1285 249 1328 24)
271 1286 357 1330 Lys.
379 1293 499 1320 contr.
519 1289 669 1332 Agorat.
698 1301 734 1333 p.
767 1289 849 1333 464.
872 1290 917 1322 R.
940 1287 1067 1334 ἐπειδή
1085 1287 1122 1325 δὲ
1141 1287 1168 1335 ἧ
1189 1288 1359 1334 ἔκκλησία
1376 1295 1477 1327 Μου-

145 1342 308 1390 νυχιὰσιν
326 1345 365 1381 ἐν
384 1345 438 1390 τῷ
452 1345 601 1395 θεάτρῳ
623 1347 793 1396 ἐγίγνετο.
822 1356 874 1391 et,
908 1349 1045 1382 iisdem
1066 1350 1150 1384 fere
1170 1351 1310 1393 verbis,
1339 1363 1373 1396 p.
1393 1364 1474 1398 479.

146 1405 315 1451 Thucyd.
336 1407 439 1441 VIII.
463 1419 519 1452 93.
538 1407 572 1443 ἐς
592 1407 634 1444 τό
657 1408 750 1455 πρός
766 1407 814 1457 τῇ
834 1412 1025 1454 Μουνυχίᾳ
1043 1410 1286 1447 Διονυσιακόν
1310 1415 1476 1456 θέατρον

148 1466 338 1508 ἐλθόντες,
363 1486 385 1493 —
405 1489 426 1495 -
443 1466 721 1512 ἔξεκκλησιάσαν
738 1483 769 1503 κ.
794 1482 826 1503 τ.
847 1468 879 1503 λ.
914 1470 1026 1514 Quod
1044 1471 1196 1504 additur
1214 1484 1235 1505 a
1254 1471 1477 1516 quibusdam

150 1526 268 1561 codd.
318 1529 361 1562 Δ.
382 1525 424 1561 τὸ
445 1525 484 1560 ἐν
501 1529 673 1572 Πειραιεῖ
697 1531 830 1572 θέατρ.
844 1555 855 1571 ,
879 1535 963 1563 tum
981 1530 1132 1564 demum
1153 1530 1309 1565 defendi
1333 1539 1477 1576 posset,

148 1587 181 1622 si
209 1584 356 1621 cel-tuin
384 1594 502 1630 esset,
531 1588 634 1622 idem
661 1599 743 1622 esse
768 1589 861 1631 hoc,
899 1590 999 1635 quod
1026 1590 1267 1634 Thucydides
1294 1591 1479 1637 designat,

148 1654 262 1695 atque
285 1649 381 1682 illud
406 1648 446 1680 in
473 1648 629 1682 Piraeeo
654 1648 867 1691 theatrum,
908 1649 955 1682 de
983 1661 1056 1694 quo
1083 1651 1194 1694 paulo
1222 1657 1308 1686 ante
1334 1652 1479 1691 dictum

150 1716 227 1751 est3
244 1710 445 1743 arbitratus
466 1708 504 1741 id
519 1715 575 1742 est
591 1708 793 1753 Spanhem.
815 1709 861 1747 ad
878 1719 956 1753 arg.
978 1709 1092 1745 Arist.
1110 1711 1204 1744 Ran.
1227 1723 1263 1756 p.
1288 1725 1340 1756 14·
1361 1714 1475 1749 Beck,

151 1771 219 1811 sed
238 1772 319 1805 sine
339 1782 468 1812 causa,
498 1776 538 1803 ut
556 1769 651 1802 mihi
669 1769 830 1803 videtur.
879 1770 1033 1814 Biagius
1051 1776 1178 1805 autem
1194 1773 1399 1808 manifesto
1421 1787 1480 1809 er-

149 1838 209 1866 rat
222 1857 231 1874 ‚
259 1843 345 1865 cum
365 1838 470 1877 putat
483 1856 492 1874 ‚
521 1831 751 1875 ubicumque
774 1829 821 1864 de
839 1830 1002 1864 comitiis
1020 1829 1060 1866 ἄν
1079 1828 1256 1868 Διονύσου
1277 1845 1400 1869 sermo
1419 1837 1480 1880 sit,

149 1892 442 1937 intelligendum
464 1902 559 1933 esse,
583 1891 657 1925 hoc
676 1891 717 1924 in
733 1891 942 1935 Munychia
956 1892 1169 1935 theatrum3
1195 1895 1299 1939 quasi
1317 1896 1480 1932 alterum

153 1954 250 1988 illud
273 1955 313 1992 in
336 1954 429 1987 urhe
447 1953 560 1997 plane
580 1964 658 1985 non
679 1952 824 1986 fuisset.
874 1953 935 1988 De
954 1953 1110 1988 Decret.
1137 1954 1223 1988 Ath.
1254 1956 1332 1990 XV.
1366 1959 1399 2002 ἕ.
1428 1972 1479 1995 10,

154 2015 377 2061 Eodemque
396 2014 510 2048 modo
529 2012 843 2055 etiamDukerus‚
863 2013 1090 2059 adThucyd.
1108 2015 1134 2048 1.
1155 2015 1180 2048 1.
1193 2015 1293 2049 haud
1311 2020 1484 2063 apposite

156 2076 282 2111 laudat
300 2077 516 2116 Pollucem,
543 2075 648 2107 VIII.
673 2085 746 2124 135.
768 2073 834 2107 uhi
860 2085 938 2109 non
961 2074 1057 2109 illud
1081 2075 1121 2108 in
1152 2077 1380 2122 Munychia,
1416 2082 1481 2115 sed

155 2139 341 2172 urbanum
356 2137 549 2175 theatrum
564 2134 854 2179 intelligendum
875 2140 931 2168 est
945 2148 954 2177 3
989 2135 1090 2181 quod
1109 2147 1229 2171 unum
1246 2138 1483 2186 simpliciter,

155 2199 335 2246 nullaque
354 2196 578 2233 definitione
595 2194 740 2242 addita,
765 2195 892 2231 vocari
908 2195 1004 2229 solet
1022 2194 1066 2229 τό
1087 2198 1229 2234 Διονυσ.
1256 2201 1435 2248 θέατρον.

205 2268 264 2312 25)
283 2267 329 2301 ad
357 2268 463 2302 VIII.
487 2278 544 2312 95.

206 2337 263 2380 26)
288 2337 374 2381 Lys.⁴
396 2335 475 2369 adv.
495 2337 645 2380 Agorat.
662 2345 698 2379 p.
723 2335 798 2379 136.
819 2334 948 2379 steph.
981 2331 1075 2371 οὕτω
1101 2338 1230 2380 μέντοι
1255 2332 1358 2373 οὗτος
1389 2340 1487 2378 πολιῖ

164 2397 267 2444 ι”μοῖν
283 2384 522 2444 κατάφρονεῖ,
547 2393 638 2435 ὥστε
655 2392 717 2430 οἰκ
737 2393 788 2430 ὤν
809 2393 1026 2439 Ἀθηναῖυς,
1056 2401 1116 2434 καὶ
1137 2395 1279 2438 ἐδίκαζε
1302 2404 1362 2434 καὶ
1387 2399 1488 2443 ἐξεκ-

162 2459 329 2503 κλησιάζε
346 2471 378 2492 κ.
401 2471 434 2491 τ.
457 2457 488 2492 λ.
511 2457 559 2490 cf.
586 2457 738 2490 Aristot.
762 2468 789 2489 s.
812 2456 934 2500 potius
956 2459 1141 2502 Anonym.
1176 2458 1320 2492 Oecon.
1347 2461 1396 2493 II.
1431 2472 1485 2505 13.

163 2516 365 2555 Μαῦσωλος
380 2537 401 2544 -
419 2537 439 2543 -
456 2515 600 2561 δεηθεὶς
619 2513 826 2563 χρημάτων,
845 2515 1120 2562 ἕξεκκλησιᾰσας
1143 2518 1220 2554 τοῖς
1237 2517 1490 2557 Μυλασσευσιν

164 2579 282 2626 ἔλεγεν
298 2592 329 2615 κ.
350 2592 382 2612 τ.
405 2577 436 2612 λ.
486 2578 553 2611 Est
570 2577 623 2611 ibi
642 2576 786 2610 dictum
810 2589 899 2622 pro:
929 2578 1042 2612 verba
1065 2578 1192 2612 facere
1218 2579 1257 2611 in
1290 2580 1485 2624 concione,

166 2642 279 2684 q'nnm
295 2639 369 2673 vim
391 2639 506 2674 verbo
524 2636 687 2683 simplici
706 2636 847 2682 ἐκκλῃσ.
888 2638 1098 2687 Hesychius
1120 2638 1264 2672 tribuit.
