1706 3058
281 83 360 126 552

279 191 383 233 inde
411 190 580 232 Ioniam
611 196 816 231 vocatam
847 194 1010 241 eese¹¹).
1075 191 1279 247 Denique
1318 204 1368 236 cx
1397 192 1595 250 Aegiale:

279 264 332 304 ab
363 262 541 304 Achaeis
574 268 748 302 exactos
790 264 914 301 Iones
954 261 1053 303 illoc
1079 266 1132 304 ad
1163 271 1371 319 cognatos
1411 278 1514 307 suos
1542 265 1596 307 in

277 334 463 376 Atticam
516 331 715 380 rediisse,
765 331 916 388 ibique
971 334 1244 390 aliquamdiu
1293 343 1595 378 commoratos

279 405 453 445 tandem
496 402 618 443 Asiae
656 402 838 444 minoris
876 418 999 447 oram
1035 406 1300 449 maritimam
1341 420 1598 462 occupasse5

279 475 350 516 cni
399 474 604 529 deinceps
656 474 800 514 loniae
848 489 1011 516 nomen
1064 478 1295 534 proprium
1341 477 1595 534 permansit.

281 549 395 588 Nam
426 547 710 587 Athenienses
749 545 864 600 ipsos
905 556 1006 603 post
1043 551 1150 591 haec
1180 558 1375 604 tempora
1407 549 1481 590 illo
1512 561 1596 590 no·

278 618 424 665 mine,
466 630 733 672 quamquam
769 619 887 671 apud
917 632 963 659 se
993 627 1111 668 orto,
1152 634 1244 662 non
1277 619 1460 672 amplius
1490 630 1598 661 uso·

280 702 393 735 esse,
436 701 568 729 nemo
608 688 800 742 ignorat,
846 696 887 729 et
917 691 1126 744 puduisse
1157 705 1231 737 eos
1262 691 1595 747 quodammodo

279 761 338 802 ita
372 759 576 816 appellari
612 759 863 800 Herodotus
902 765 1131 815 censet22),
1169 770 1422 818 propterea,
1469 768 1597 817 puto,

281 831 401 887 quod
432 831 664 886 indignum
694 831 922 872 videbatur
953 834 1072 889 genti
1102 833 1358 888 indigenae,
1387 845 1499 888 quae
1524 829 1599 874 αὖ·

279 906 475 960 τοχθονίᾳ
524 916 602 943 sua
649 909 692 944 et
747 903 975 945 nobilitate
1020 913 1249 962 tantopere
1305 902 1596 959 superbiebas

279 987 518 1015 commune
547 987 714 1015 nomen
745 989 837 1017 esse
868 988 971 1016 cum
1001 978 1167 1032 populo
1198 975 1446 1018 adventicio
1474 976 1600 1018 mul-

280 1053 466 1101 tumque
504 1044 845 1103 circumvagam.
884 1070 940 1078 —
1007 1050 1113 1090 Non
1153 1048 1288 1104 igitur
1323 1046 1598 1103 probabilem

281 1125 389 1174 puto
422 1131 577 1159 eorum
607 1117 889 1166 sententiam,
923 1119 1001 1175 qui
1031 1121 1083 1161 ab
1115 1120 1298 1162 Ionibus
1329 1120 1424 1177 (aut
1451 1119 1599 1160 Helle-

280 1189 410 1230 nibus
440 1189 619 1245 {potius,
662 1203 764 1231 cum
806 1189 918 1232 illud
956 1205 1125 1232 nomen
1163 1205 1254 1232 non
1295 1199 1396 1233 ante
1434 1191 1599 1235 horum

282 1275 387 1303 cum
435 1260 657 1301 veteribus
698 1260 850 1300 Atticis
902 1259 1268 1314 conjunctionem
1308 1270 1457 1304 ortum
1507 1261 1601 1319 sit),-

280 1332 465 1375 Atticam
507 1345 583 1385 per
623 1331 716 1372 vim
751 1338 1012 1386 occupatam
1048 1340 1307 1388 veteresque
1346 1332 1510 1374 incolas
1541 1334 1598 1375 ad

281 1405 500 1446 tributum
529 1400 634 1456 ipsis
663 1402 952 1457 pendendum
984 1411 1160 1445 coactos
1199 1418 1292 1446 esse
1322 1403 1598 1453 arbitrantur,

282 1476 401 1516 unde
437 1472 660 1518 Τελεόντων
700 1471 840 1515 tribus
871 1474 1084 1530 appellata
1113 1473 1193 1524 sit,
1233 1475 1316 1520 ἆπὸ
1345 1482 1422 1521 τοῦ
1459 1483 1597 1533 τελεῖν.

329 1632 387 1674 21)
414 1630 487 1666 Sed
510 1631 578 1665 hos
602 1641 677 1666 non
708 1632 823 1677 longo
857 1638 942 1678 post
973 1638 1164 1679 tempore,-
1200 1646 1287 1669 cum
1319 1634 1598 1673 Eleusiniorum

283 1693 384 1728 bello
429 1692 676 1727 Athenienses
716 1699 998 1738 premerentur,
1042 1701 1257 1738 revocatos,
1297 1696 1368 1731 hac
1401 1697 1604 1732 occasione

283 1765 368 1788 usos
395 1752 555 1785 Atticam
580 1752 650 1785 sibi
675 1754 876 1795 subjecisse
901 1756 1150 1790 Hiillmannus
1168 1757 1270 1801 dicit,
1297 1769 1341 1792 ex
1364 1768 1487 1803 eoque
1502 1765 1600 1794 tem-

281 1825 375 1859 pore
399 1813 645 1846 Athenienses
670 1824 691 1846 ει
715 1813 898 1848 victorum
930 1816 1083 1850 nomine
1115 1816 1226 1848 Iones
1258 1818 1384 1851 vocari
1417 1818 1598 1865 coepisse.
1647 1830 1651 1836 ¹
1703 1819 1706 1822 ⁴

283 1874 364 1907 Vid.
392 1874 437 1915 ej.
468 1873 584 1917 origg.
622 1873 755 1907 Graec.
792 1876 977 1920 (Anfange
1009 1875 1043 1909 d.
1081 1876 1234 1910 Griech.
1272 1877 1428 1922 Gesch.)
1452 1891 1489 1924 p.
1519 1891 1598 1915 120.

282 1934 414 1968 Testes
440 1933 530 1967 citat
553 1932 736 1968 Herodot.
763 1935 867 1970 VIII.
906 1948 962 1980 44.
999 1936 1118 1970 Strab.
1146 1939 1248 1971 VIII.
1275 1943 1353 1982 588.
1382 1941 1478 1985 (385)
1503 1941 1600 1975 Pau-

282 2007 361 2030 san.
399 1996 482 2028 VII.
522 2006 550 2028 1.
610 1994 683 2029 Sed
727 1995 892 2040 primum
928 1996 1143 2031 Herodotus
1177 1997 1232 2031 nil
1263 1998 1333 2032 nisi
1370 1997 1614 2046 στρατάρχην
1656 1990 1662 2003 ¹

283 2057 443 2090 Athenn.
483 2057 614 2090 Ionem
647 2056 763 2090 fuisse
799 2057 910 2099 dicit,
948 2057 993 2091 ab
1030 2063 1151 2103 eoque
1175 2058 1260 2091 illos
1286 2060 1397 2093 Iones
1421 2050 1596 2103 vocato&

282 2129 356 2163 qua
380 2122 507 2151 nutem
531 2118 727 2151 occasione
753 2124 791 2152 et
816 2129 888 2164 quo
915 2124 1088 2164 tempore
1110 2119 1149 2153 id
1174 2119 1317 2154 factum
1341 2120 1408 2164 sit,
1423 2131 1511 2159 *non
1532 2119 1600 2156 de-

282 2178 379 2212 finit.
429 2178 562 2211 Strabo
589 2183 716 2212 autem
739 2190 815 2212 non
840 2179 950 2222 dicit,
986 2180 1032 2214 ab
1062 2178 1205 2214 bellum
1229 2181 1462 2215 Eleusinium
1486 2182 1598 2214 Iones

282 2250 328 2281 ex
353 2238 528 2283 Aegialea
552 2246 768 2282 revocatos,
802 2240 868 2274 sed
901 2247 983 2285 post
1015 2241 1109 2274 illud
1140 2241 1284 2274 bellum
1316 2239 1478 2274 feliciter
1509 2250 1601 2274 con-

283 2300 426 2334 fectum
450 2299 637 2333 coloniam
663 2311 705 2334 ex
731 2301 851 2335 Attica
873 2301 912 2334 in
947 2302 1162 2347 Aegialeam
1192 2301 1343 2335 missam
1380 2311 1480 2343 esse,
1513 2311 1606 2346 pro-¹

281 2366 368 2405 pter
400 2359 594 2393 hominum
626 2361 914 2396 muttituciinem.
972 2363 1169 2396 Pausanias
1204 2362 1355 2408 quidem
1387 2363 1520 2395 Ionem
1551 2355 1601 2395 dx

282 2421 459 2466 Aegialea
483 2432 676 2455 reversum
701 2428 739 2456 et
762 2422 800 2455 iu
825 2424 948 2456 Attica
973 2423 1072 2458 diem
1093 2424 1227 2459 obiisse
1258 2428 1409 2466 narrat;
1443 2433 1520 2456 non
1543 2420 1600 2455 di·-

284 2481 356 2523 cit,
390 2481 462 2515 hoc
500 2481 650 2515 demum
687 2489 858 2528 tempore
893 2484 1032 2518 Atticos
1063 2485 1199 2520 Ionum
1223 2495 1364 2519 nomen
1395 2481 1598 2530 accepisse,

285 2553 407 2588 neque
432 2541 476 2574 ab
502 2541 654 2575 Ionibus
689 2545 860 2579 subactos
893 2554 983 2579 esse.

329 2611 386 2653 22)
413 2609 494 2645 Lib.
532 2611 562 2645 I.
593 2622 671 2657 cap.
702 2625 776 2658 145·
