1706 3058
1322 117 1406 161 555

162 231 232 272 De
272 223 604 284 significatione
643 231 790 265 autem
831 224 994 265 horum
1034 223 1274 266 nominum
1314 241 1407 270 non

77 298 228 343 minor
257 309 323 340 eet
353 295 586 340 dissensio.
647 296 760 336 lllud
790 293 973 350 quidem
1007 296 1136 338 facile
1167 296 1409 352 quivis-in.

76 369 258 427 telligit,
283 372 391 410 haec
411 368 516 411 tria:
536 366 758 419 ‘'Oxi-meg,
771 368 1019 422 Αἰγικορεῖς,
1046 365 1274 425 Ἀργαδεῖς,
1299 384 1322 410 a
1343 371 1409 413 vi-

76 454 148 484 tae
178 439 418 498 generibus
451 437 593 479 indita
624 437 828 479 tribubus
861 451 966 478 esse.
1029 440 1116 480 Sed
1148 455 1292 496 neque
1322 443 1411 484 hoc

75 524 377 571 postremum,
412 509 648 566 Ἀργαδεῖς,
691 509 796 551 satis
827 508 1115 565 perspicuum
1147 510 1410 556 definitum-

75 599 165 642 que
203 594 293 631 est,
333 592 377 623 et
414 591 623 636 quartum
655 594 846 628 nomen,
890 583 1125 633 Γελέοντες,
1156 581 1232 622 vix
1265 586 1411 641 expli-

74 654 166 698 cari
198 667 330 711 posse
358 651 552 693 videtur.
609 653 873 693 Plutarchus
894 651 1078 707 quidem
1105 652 1300 706 Ὁπλίτας
1319 672 1412 700 esse

77 726 189 768 dicit
226 725 271 769 τὸ
313 723 512 779 μάχιμον,
561 722 778 780 Ἐργάδεις
815 723 860 766 τὸ
900 724 1130 780 ἐργατικόν,
1172 732 1413 784 Αἰγικορεῖς

75 798 174 848 τούς
199 799 265 840 ἐπὶ
293 802 438 851 νομαῖς
468 798 537 838 καὶ
565 798 828 851 προβατείαις
868 799 1169 852 διατρίβοντας,
1215 800 1411 856 denique

79 871 299 918 Γεδέοντας
337 867 413 919 (ita
455 865 574 906 enim
625 868 744 923 apud
783 881 886 907 eum
930 866 1145 923 scripturn
1190 876 1268 920 est)
1314 873 1412 922 τούς

77 938 296 997 γεωργούς.
366 939 522 980 Strabo
564 948 712 979 autem
765 953 789 979 e
832 937 952 979 vitae
994 939 1230 995 generibus
1270 944 1412 984 Athe-

76 1010 254 1053 nienses
287 1007 550 1051 distributos
575 1024 666 1051 esse
687 1009 748 1050 ait
779 1009 828 1051 in
850 1012 1091 1051 saserdotes
1121 1013 1412 1068 (ἷεροποιούς),

78 1081 245 1124 milites
287 1080 535 1138 (φύλακας),
580 1080 795 1137 agricolas
836 1083 1102 1137 (γεωργούς),
1145 1083 1327 1139 opifices
1368 1097 1413 1127 et

79 1152 379 1195 mercenarios
410 1152 733 1208 (δημιουργούς)
746 1152 808 1205 28).
868 1154 1102 1195 Pastorum
1138 1153 1278 1211 igitur
1307 1159 1413 1198 nul-

77 1226 166 1266 lam
200 1224 368 1265 tribum
413 1221 638 1280 agnoscit,
679 1224 756 1263 sed
786 1237 867 1278 pro
898 1222 954 1264 iis
985 1228 1231 1268 sacerdotes
1261 1229 1416 1269 nomi-

76 1306 169 1342 nat,
202 1294 280 1350 qui
311 1295 426 1350 apud
456 1295 740 1336 Plutarchum
772 1293 884 1334 nulli
913 1306 1030 1337 sunt.
1090 1297 1211 1352 Quid
1243 1298 1415 1357 igitur?

78 1365 403 1408 Putabimusne
447 1380 551 1407 eum
587 1368 824 1422 Αἰγικορεῖς
862 1379 944 1421 pro
986 1369 1289 1413 sacerdotibus
1330 1376 1414 1415 ha-

78 1530 183 1564 mina
193 1530 355 1564 derivari
372 1530 558 1573 solebant,
584 1531 767 1576 genitivos
776 1529 892 1564 habet
909 1529 1126 1578 Αἰγικόρεος
1149 1540 1189 1567 et
1211 1532 1414 1582 Ἀργάδεω,

80 1601 241 1636 quorum
264 1591 487 1626 nominativi
505 1597 592 1625 sunt
614 1589 812 1638 Αἰγικᾶρηι
837 1591 975 1626 tertiae
1008 1598 1046 1626 et
1070 1590 1247 1642 Ἀργᾶὃης
1270 1598 1417 1641 primae

79 1650 353 1685 declinationis.
404 1653 463 1686 Ita
487 1652 602 1697 igitur
626 1652 665 1686 hi
689 1653 728 1685 in
752 1651 888 1686 fabulis
909 1653 1206 1698 appellabantur.
1257 1659 1342 1692 Non
1359 1666 1417 1693 ta-

79 1719 169 1742 men
195 1695 285 1742 inde
310 1713 575 1758 consequitur,
601 1714 768 1747 tribuum
794 1724 947 1759 quoque
970 1719 1102 1749 vetera
1125 1718 1279 1752 nomina
1302 1720 1420 1754 fuisse

79 1766 294 1816 Αἶγικᾶρεις
320 1777 359 1804 et
378 1769 579 1817 Ἀργάδαι,
604 1775 724 1808 multo
750 1775 873 1808 minus
898 1771 1106 1821 Ἀργάδεω,
1141 1779 1240 1823 quod
1265 1781 1417 1826 quidam

79 1834 276 1872 putarunt.
328 1827 513 1881 Ἀργαδῆς
539 1841 596 1867 est
621 1846 680 1879 ap.
708 1834 951 1879 Euripidem,
977 1836 1078 1872 unde
1101 1845 1228 1885 patet,
1253 1841 1293 1875 in
1317 1855 1417 1878 mar-

80 1899 188 1923 more
212 1885 404 1938 ’Λργαὸεἷς
428 1893 634 1940 legendum
659 1907 752 1930 esse.

130 1981 190 2022 28)
214 1981 310 2015 Sunt
334 1989 462 2018 tamen
477 2011 487 2027 ‚
523 1988 589 2032 qui
614 1987 842 2023 Strabonem
866 1990 967 2024 vitae
990 2000 1130 2035 genera
1155 1999 1193 2027 et
1216 1994 1336 2030 tribus
1363 1997 1418 2031 di-

82 2040 258 2076 stinxisse
290 2043 544 2089 arbitrantur,
589 2060 715 2094 neque
748 2051 1001 2095 perspexisse,
1047 2064 1120 2097 quo
1156 2054 1249 2088 nihil
1290 2063 1418 2101 potest

86 2101 255 2146 apertius
281 2115 386 2148 esse,
420 2107 491 2140 tria
526 2109 662 2143 saltem
687 2121 731 2144 ex
754 2110 829 2144 illis
854 2111 1067 2146 nominibus
1100 2115 1195 2149 nihil
1219 2117 1321 2150 aliud
1345 2120 1418 2153 nisi

86 2163 186 2198 vitae
210 2175 352 2210 genera
378 2166 599 2212 designare;
628 2172 693 2216 qui
719 2171 871 2216 quidem
891 2172 1065 2216 injuriam
1089 2175 1217 2210 facere
1241 2178 1418 2214 videntur

85 2223 257 2268 scriptori
292 2225 579 2271 diligentissimo
623 2238 662 2265 et
703 2233 1004 2277 prudeniissimo.
1064 2236 1257 2271 Strabonis
1300 2240 1417 2274 verba

85 2283 182 2321 haec
207 2293 310 2320 sunt·
360 2285 404 2322 ‘0
427 2286 465 2323 δὲ
489 2289 617 2336 (Ἴων)
650 2292 800 2336 πρῶτον
821 2308 865 2339 μ
852 2295 888 2328 ’ν
909 2291 958 2330 εἷς
979 2296 1154 2340 τέσσαρας
1174 2298 1288 2344 φυλαῖς
1306 2299 1418 2338 διεῖλε

85 2343 133 2383 vo*
156 2345 322 2390 πλῆθος,
346 2348 428 2384 εἶτα
453 2362 505 2387 εις
527 2356 703 2399 τέσσαρας
725 2356 827 2401 βίους
849 2368 880 2389 κ.
906 2368 942 2389 τ.
965 2355 1013 2396 2„
1037 2367 1133 2402 quae
1157 2358 1292 2404 verba,
1328 2373 1418 2396 meo

90 2405 247 2449 quidem
272 2408 434 2453 judicio,
460 2410 555 2444 nihil
579 2412 680 2446 aliud
698 2413 848 2458 dieunt,
874 2415 944 2448 nisi
967 2415 1062 2460 hoc,
1095 2419 1227 2454 Ionem
1251 2423 1418 2467 primum

89 2465 130 2499 in
155 2473 319 2512 quatuor
340 2471 459 2518 tribus
485 2472 668 2517 populum
693 2474 878 2519 divisisse,
911 2475 1048 2511 deinde
1071 2489 1180 2513 suum
1206 2482 1341 2527 cuique
1367 2484 1419 2516 vi·-

88 2530 152 2559 tae
175 2537 294 2572 genus
318 2524 556 2576 attribuisse,
582 2533 648 2568 uni
671 2536 902 2579 sacerdotia,
928 2537 1038 2572 alteri
1060 2539 1254 2586 militiam,
1280 2545 1420 2578 tertiae

89 2588 376 2636 agriculturam,
402 2599 562 2640 quartae
585 2594 736 2640 opificia
760 2603 799 2632 et
824 2609 976 2634 omnem
1000 2608 1197 2646 quaestum
1222 2615 1417 2638 mercena·

88 2649 201 2686 rium.

1009 2724 1141 2764 ΛΓ.»
