1706 3058
259 147 338 192 162

260 276 349 316 ρων
377 256 426 298 in
455 251 654 296 comitiis
686 248 972 292 denuntiatae
1000 249 1118 305 apud
1147 250 1488 304 Xenophontem
1517 263 1587 291 ex·

263 341 349 372 etat
381 328 427 369 in
460 327 612 367 eadem
651 322 725 362 illa
764 319 1030 364 narratione.
1099 321 1215 361 Nam
1256 333 1358 360 cum
1390 319 1586 362 Callixe-

263 416 351 444 nus
382 415 406 440 e
437 400 623 439 Senatus
654 390 920 434 auctoritate
949 392 1165 446 populum
1198 401 1414 447 rogasset,
1454 392 1587 433 vellet

263 475 545 530 juberetque,
578 474 631 506 ut
661 465 714 504 de
743 459 1016 518 praetoribus
1047 475 1134 502 una
1164 460 1428 516 suffragium
1459 462 1590 503 ferre-

265 555 363 591 tur,
394 550 438 580 et
472 548 522 578 nt
551 535 626 583 hi,
660 534 696 576 si
731 530 1020 576 condemnati
1051 531 1223 578 forent,
1262 532 1587 575 undecimviris

266 616 322 657 ad
354 606 627 667 supplicium
659 606 958 657 traderentur,
997 613 1281 643 surrexerunt
1323 605 1589 659 Euryptole-

263 699 364 729 mus
411 679 598 734 aliique,
639 686 682 718 et
720 675 834 728 rnale
876 684 1050 729 rogatae
1089 673 1195 728 legis
1233 672 1454 715 actionem
1486 674 1592 716 Cal-

265 757 416 800 lixeno
448 746 787 791 denuntiarunt.
836 744 912 787 Τὸν
942 745 985 786 δὲ
1005 746 1252 794 Καλλίξειον
1269 747 1590 799 προεκαλέσαντο

267 830 370 886 (leg.
410 820 775 877 προσεκαλέσαντο)
815 816 1034 871 παράνομα
1071 814 1298 868 φάσκοντες
1325 818 1592 873 ξυγγεγραφέ.

267 919 355 950 ναι,
399 888 713 947 Ευριντὸλεμός
753 905 794 930 τε
835 884 856 929 ὅ
900 885 1198 936 Πεισιάνακτος
1227 905 1262 930 κ.
1293 905 1324 931 τ
1354 894 1386 931 λ.
1401 889 1447 937 ⁶).
1507 888 1592 930 Sed

268 964 492 1014 seditiosis
522 959 677 1017 populi
708 956 977 1000 clamoribus
1009 956 1152 998 coacti
1191 970 1294 999 sunt
1322 960 1377 1000 ab
1412 957 1593 1016 incepto

268 1039 504 1084 desistere,
552 1045 698 1088 neque
723 1030 782 1070 ad
811 1029 952 1085 ipsam
980 1026 1220 1082 ὑπωμοσίαν
1260 1027 1466 1069 admissi:
1506 1031 1594 1073 ἔπε-

270 1111 484 1168 θορύβησε
511 1105 633 1147 πάλιν
666 1101 687 1145 ὁ
719 1101 857 1156 ὄχλος,
888 1103 957 1143 καὶ
985 1099 1306 1156 ἠναγκάσθησαν
1337 1097 1504 1153 ἇφιέναι
1522 1097 1595 1148 τὰς

269 1185 443 1238 κλήσεις,
463 1202 520 1210 --
580 1172 788 1228 Denique
810 1172 925 1228 apud
949 1170 1284 1225 Aristophanen-
1303 1169 1334 1226 ⁷)
1361 1172 1472 1212 haec
1490 1179 1594 1211 sunt

271 1248 521 1302 Aesculapii
550 1247 706 1291 verba,
746 1240 954 1284 Neoclidi
995 1243 1151 1283 oculos
1178 1240 1453 1283 oblinentis:
1498 1243 1508 1249 “

362 1321 554 1362 Ἐνταῦθα
579 1316 646 1352 νῦν
672 1312 818 1358 κάθησο
841 1312 1206 1357 καταπεπλασμένος,

357 1380 430 1421 ‘’'Iv
445 1375 627 1424 §wopam-..pc
617 1388 694 1412 «νον
711 1373 839 1410 παύσω
861 1388 899 1410 σε
915 1372 978 1418 τῆς
1005 1371 1202 1416 iniqui-as·

274 1446 398 1505 Quid
428 1441 486 1484 sit
516 1438 630 1480 illud
660 1435 934 1490 ἐπόμνυσθαι,
966 1434 1206 1476 obscurum
1236 1444 1316 1479 est
1373 1433 1595 1476 Nonnulli

273 1532 356 1578 pro
395 1508 590 1568 simplici
644 1509 849 1562 όμνυσθαι
884 1504 1055 1546 dictum
1099 1502 1352 1560 accipiunt,
1402 1515 1454 1546 ut
1489 1507 1597 1548 haec

273 1591 333 1633 sit
360 1580 602 1629 sententia:
636 1577 811 1627 faciam,
841 1591 898 1618 ne
928 1574 1127 1618 comitiis
1151 1574 1364 1618 interesse
1394 1586 1437 1618 et
1468 1575 1515 1617 in
1538 1575 1598 1618 iis

276 1662 466 1710 dejerare
495 1650 656 1710 possis
719 1650 806 1692 Sed
836 1647 943 1705 quid
974 1646 1154 1689 tandem
1186 1647 1415 1699 dejerare?
1456 1650 1599 1691 Frau-

275 1731 407 1775 dibus
440 1738 484 1767 et
514 1719 721 1780 perjuriis
750 1716 1074 1774 rempublicam
1104 1719 1292 1766 turbare,
1322 1718 1473 1774 inquit
1499 1724 1598 1763 Du..

275 1805 447 1845 ckerus.
508 1799 563 1838 At
582 1787 778 1846 simplici
800 1791 933 1830 verbo
955 1788 1212 1843 ἕπόμνυσθαι
1241 1803 1334 1831 non
1352 1789 1469 1833 inest
1490 1793 1599 1835 haec

274 1872 359 1914 vis.
404 1862 697 1924 Spanhemius
715 1860 762 1902 in
781 1864 902 1902 hunc
923 1862 1110 1902 modum
1133 1859 1340 1916 explicat:
1372 1861 1596 1913 Efficiam,

273 1958 334 1986 ne
364 1940 411 1982 in
444 1935 710 1980 concionem
742 1944 890 1984 postea
920 1931 1098 1980 venire,
1139 1946 1307 1987 neque,
1347 1930 1385 1972 si
1417 1934 1596 1987 dejeres,

276 2025 318 2057 te
338 2013 496 2055 morbo
526 2003 750 2063 impediri,
783 2017 872 2060 quo
902 2003 1048 2044 minus
1078 2002 1257 2045 intersis
1286 2004 1600 2062 concionibus,

275 2094 553 2111 -ss———d

274 2153 434 2199 populus
460 2150 506 2183 de
530 2145 788 2192 Euryptolemi
810 2145 896 2190 lege
921 2149 960 2178 et
984 2142 1030 2177 de
1049 2143 1380 2179 Senatusconsulto
1402 2144 1442 2179 in
1465 2147 1599 2182 suffra.

276 2215 381 2261 gium
405 2211 582 2249 mittitur,
609 2207 709 2254 quod
727 2206 818 2252 quin
842 2205 986 2250 legibus
1013 2205 1185 2238 omnihus
1211 2205 1442 2240 contrarium
1465 2206 1598 2251 fuerit,

275 2272 439 2307 dubitari
462 2282 538 2304 non
562 2274 700 2314 potest.
749 2269 881 2313 Itaque
904 2266 1001 2300 hanc
1029 2276 1179 2311 quoque
1211 2264 1386 2298 iteratam
1417 2261 1598 2310 διαχειρο-

277 2336 405 2370 τοιίἀν
431 2338 492 2366 aut
517 2329 633 2363 invito
659 2328 833 2368 Socrate,
858 2333 944 2368 aut,
972 2325 1073 2371 quod
1098 2323 1220 2358 verius
1244 2323 1413 2367 videtur,
1440 2331 1596 2370 postero

278 2393 364 2434 die,
398 2403 485 2426 cum
506 2390 572 2424 ille
596 2399 756 2423 munere
780 2387 956 2429 abiisset,
990 2386 1130 2419 factam
1154 2395 1237 2419 esse
1257 2390 1373 2429 patet.

325 2476 361 2518 6)
389 2474 539 2508 Hellen.
570 2486 599 2507 1.
625 2486 658 2519 7.
686 2474 719 2517 ἕ.
759 2484 811 2506 12.
838 2482 890 2514 ²3-
916 2489 961 2495 —
1008 2469 1068 2503 De
1094 2463 1217 2512 κλήσει
1241 2474 1278 2501 et
1304 2467 1598 2512 προσκαλεῖσθαι

279 2535 354 2591 vid.
380 2533 600 2568 Valckenar.
626 2533 673 2567 ad
696 2534 866 2567 Ammon.
892 2542 928 2575 p.
957 2530 1032 2575 127.
1059 2529 1243 2564 Matthiae
1275 2528 1324 2562 de
1355 2527 1474 2562 Iudic.
1508 2527 1595 2562 Ath.

277 2597 318 2632 P.
345 2608 377 2631 2.
402 2606 439 2640 p.
474 2604 551 2639 257.

321 2680 358 2727 7)
384 2678 481 2714 Plut.
506 2689 541 2711 v.
577 2670 655 2723 725}
