1706 3058
1331 137 1404 178 151

81 252 126 285 et
147 244 373 298 strategos
389 240 595 283 retulisse
618 241 671 280 ad
697 241 910 281 Senatum
935 241 988 281 de
1009 239 1211 282 creandis
1230 240 1407 298 legatis:

77 324 247 355 creatos
287 327 378 354 esse
418 308 855 368 Cephisophontem,
899 312 1230 361 Democritum,
1269 315 1409 368 Poly-

76 383 254 427 critum.
282 408 339 416 —
395 386 446 424 In
478 380 575 422 aliis
604 380 920 437 Psephismatis
958 383 1045 439 ipsi
1075 383 1296 440 rogationi
1328 387 1407 427 ad-

79 455 169 497 dita
204 467 269 497 est
300 455 517 512 quaedam
557 453 928 495 commemoratio
967 469 1122 496 eorum
1164 470 1296 512 quae,
1337 471 1409 498 se..
1468 502 1469 505 Ἴ

77 529 276 568 cundum
307 528 422 567 hanc
452 524 758 580 rogationem,
802 536 899 566 acta
940 537 1073 578 sunt3
1112 527 1286 576 veluti,
1326 526 1407 569 ubi

76 598 215 638 latum
250 608 314 637 est
346 598 398 637 de
429 595 629 637 creandis
661 596 841 652 legatis,
889 608 1064 653 praeter
1106 598 1250 654 ipsam
1281 614 1410 657 roga-

74 667 248 709 tionem
278 665 518 722 perscripta
550 677 656 708 sunt
688 666 822 709 etiam
863 667 1050 710 nomina
1091 683 1271 718 eorum,
1313 672 1408 727 qui,

76 750 256 795 accepta
286 738 542 795 rogatione,
575 737 710 779 creati
742 750 847 780 eunt
877 754 900 780 a
932 741 1113 796 populo.
1174 744 1411 794 Ejusmodi

75 809 380 866 Psephismata
428 820 619 865 quatuor
664 821 770 850 sunt
811 813 928 866 apud
968 814 1319 856 Demosthenem
1360 815 1411 858 in

77 881 281 928 oratione
312 882 364 921 de
396 886 625 932 corona⁷);
670 895 720 922 ac
749 880 931 922 videtur
968 882 1154 923 omnino
1187 886 1409 936 ejusmodi

77 952 297 1009 appendix
328 951 476 993 addita
510 967 625 1001 esse,
668 952 705 993 si
750 952 1095 1009 quid‘rogatum
1133 967 1249 1006 erat,
1290 960 1411 1015 quod

76 1023 227 1066 statim
260 1025 597 1079 exsequendum
637 1023 795 1064 fuerat.

161 1098 318 1137 Forma
358 1093 722 1149 Psephismatum
764 1108 857 1135 non
907 1097 1059 1137 eadem
1112 1109 1178 1139 est
1223 1114 1410 1158 semper,

77 1168 157 1209 sed
188 1166 272 1206 alia
304 1164 389 1206 alio
421 1176 634 1220 tempore.
695 1167 828 1219 Nam,
869 1178 920 1208 ut
963 1170 1017 1209 de
1054 1169 1300 1214 levioribus
1331 1190 1412 1216 va-

76 1237 309 1282 rietatibus
340 1251 463 1277 nunc
493 1235 608 1276 nihil
638 1235 809 1285 dicam,
851 1237 900 1279 in
938 1238 1265 1295 antiquioribus
1306 1246 1411 1288 Pse-

74 1309 336 1368 phismads,
371 1322 483 1363 quae
515 1318 618 1349 ante
657 1308 893 1350 Euclidem
935 1311 1206 1353 Archontem
1247 1316 1412 1373 scripta

76 1391 206 1434 sunt,
235 1377 606 1436 praescriptiones
629 1390 735 1420 sunt
753 1382 971 1431 ejusmodi
1003 1383 1109 1431 fere,
1144 1396 1195 1426 ut
1226 1385 1412 1432 initium

78 1452 214 1494 faciat
243 1452 460 1492 formula:
499 1449 655 1501 ’Ἔδοξε
685 1457 738 1508 τῇ
767 1457 906 1508 βουλῇ·
937 1455 1006 1496 καὶ
1035 1460 1092 1495 m?
1123 1456 1262 1515 δῆμῳε
1303 1459 1410 1502 dein

78 1522 306 1564 indicetur
337 1521 501 1569 tribus,
543 1526 666 1571 cujus
698 1535 750 1562 eo
782 1532 987 1577 tempore
1018 1525 1229 1576 Prytania
1259 1529 1411 1580 fuerit,

78 1605 180 1651 post
210 1596 322 1634 hanc
352 1592 520 1634 scribae
550 1605 719 1632 nomen
750 1602 883 1648 atque
905 1592 1146 1649 Epistatae‚
1178 1611 1411 1653 postremo

78 1664 324 1721 rogationis
375 1665 504 1706 lator.
581 1664 666 1704 Sed
725 1664 929 1718 exemplo
976 1679 1044 1706 res
1104 1667 1264 1710 clarior
1323 1672 1411 1716 fiet.

79 1737 213 1793 Apud
245 1733 528 1777 Andocidem
543 1737 578 1786 ⁸)
610 1732 863 1789 Psephisma
894 1746 960 1775 est
989 1738 1069 1777 hac
1099 1740 1410 1795 praescriptio.

80 1822 162 1848 ne:
183 1807 338 1858 ’Ἔδοξε
368 1812 419 1865 τῇ
448 1811 581 1862 βουλῇ
610 1807 679 1848 καὶ
709 1810 766 1864 τῷ
787 1804 916 1864 δήμῳ,
948 1811 1118 1859 Αἰαντὶς
1148 1812 1408 1868 ἐπρυτάνευε,

83 1882 322 1936 Κλεωγένης
353 1876 626 1934 ἐγραμμάτευε
637 1911 648 1930 ,
683 1877 849 1931 Βοηθὸς
880 1879 1107 1923 ἐπεστάτει·
1148 1881 1243 1925 τάδε
1274 1889 1412 1941 Δημό-

79 1968 236 2006 φαντος
265 1953 521 2006 συνέγραψεν
549 1967 585 1993 κ.
607 1967 638 1993 τ.
669 1956 701 1992 λ.
732 1974 789 1982 --
845 1950 1077 2003 Ejusmodi
1118 1953 1268 1996 omnia
1307 1970 1414 2000 sunt

79 2017 200 2062 illius
233 2020 451 2077 aetatis⁹):
482 2037 587 2066 nam
609 2022 729 2078 quod
759 2035 1083 2078 nonnunquam
1105 2025 1333 2071 omittitur
1362 2031 1412 2073 in

127 2162 164 2209 7)
191 2173 227 2206 p.
255 2171 333 2206 235.
359 2166 437 2200 282-
464 2162 534 2196 bis.
561 2168 627 2209 289
650 2181 695 2188 —
722 2175 798 2209 291·

126 2231 165 2274 8)
190 2231 251 2264 De
277 2231 440 2275 Myster.
467 2243 504 2275 p.
534 2243 586 2276 15·
615 2232 742 2277 steph.

127 2315 165 2361 9)
195 2315 352 2349 Exstant
387 2325 431 2348 ex
455 2313 526 2348 hac
551 2321 694 2358 aetate,
720 2316 877 2361 integris
900 2317 1273 2366 praescriptionibuS,
1298 2322 1410 2362 haec:

83 2375 303 2421 Psephisma
328 2375 427 2420 apud
462 2375 741 2421 Thucydidem,
776 2379 838 2412 IV.
870 2384 944 2422 ¹18·
970 2379 1018 2413 de
1041 2380 1202 2417 induciis
1229 2395 1316 2420 cum
1341 2388 1411 2422 La-

85 2436 341 2470 cedaemoniis
366 2435 572 2489 faciendis:
605 2435 740 2480 ’Ἔδοξε
763 2439 815 2482 τῷ
839 2436 938 2484 δήμῳ
953 2450 960 2458 ·
998 2436 1225 2487 Ἀκάμαντα
1249 2446 1413 2493 ἐπρυτά-

83 2508 174 2538 νευε,
203 2500 414 2532 Φαίνιππος
437 2495 700 2544 ἐγραμμάτευε,
726 2497 902 2542 Νικιάδης
920 2496 1132 2538 ἐπεστάτει·
1156 2501 1284 2550 Λάχης
1309 2506 1409 2542 εἶπε·

86 2553 184 2603 Τῦχῃ
210 2554 338 2604 α’γαθῇ
360 2556 408 2604 τῇ
440 2555 680 2602 Ἀθηναίων,
706 2562 903 2597 ποιεῖσθαι
926 2559 994 2605 τήν
1019 2560 1229 2608 ἐκεχειρίαν.
1255 2583 1302 2591 -
1351 2568 1413 2601 In-

82 2615 239 2661 scriptio
264 2616 363 2662 apud
386 2617 643 2661 Boeckhium,
678 2620 982 2655 staatshaushalt.
1018 2622 1052 2655 d.
1080 2623 1212 2658 Athen.
1242 2627 1292 2659 ΙΙ.
1319 2627 1410 2663 Tab.

81 2677 134 2712 11.
160 2688 222 2712 no.
248 2689 282 2723 3.
309 2677 356 2713 de
378 2679 621 2716 restituendis
642 2680 812 2724 pecuniis
829 2683 964 2715 sacris:
991 2679 1115 2724 ἔδοξεν
1138 2682 1186 2732 τῇ
1207 2685 1323 2735 βουλῇ
1346 2692 1409 2724 καὶ

1037 2746 1126 2784 1ἱ2
