1706 3058
1371 172 1452 213 117

482 259 716 318 ,ΟΛΡ
760 259 896 308 UT
955 261 1053 310 XI.

186 347 764 419 De'ferenclis
824 347 1359 413 suffragiis.

183 494 274 539 Ubi
306 491 411 535 satis
445 490 723 548 disputatum
757 502 850 533 erat
890 492 942 532 ab
976 493 1252 546 oratoribus,
1295 496 1447 544 cuivi's

95 581 254 613 eorum
287 559 548 621 Psephisrna
587 575 842 619 proponere
873 559 1019 607 licuit.
1088 568 1204 608 Sunt
1243 569 1447 634 quidem,

95 639 176 700 qui
207 647 372 697 putent
384 639 435 690 ¹),
471 633 644 676 nemini
677 632 726 675 1d
742 631 942 691 hcmsse
971 635 1061 679 nisi
1087 637 1168 680 uni
1190 643 1452 702 eredds,

94 709 172 756 'cui
204 708 254 752 id
285 723 455 751 munus
486 707 748 749 mandatum
781 704 841 747 sit
873 721 895 748 a
928 709 1098 751 Senatu
1130 721 1174 752 et
1203 714 1332 766 cujus
1363 730 1453 759 nom¹

92 789 200 827 'men
240 768 564 837 Psephiematis
603 777 849 835 praescribi
885 778 1074 823 solitum
1116 781 1197 832 εἰη
1241 795 1294 826 ut
1333 802 1378 834 v
1407 803 1452 837 c,

92 871 203 900 cum
233 856 432 911 legamus
463 851 513 892 in
543 850 874 908 Psephismate:
910 857 1139 908 Κτησιφων
1169 856 1452 914 Λεωσθένους

86 925 398 982 Ἀναφλύστιος
429 922 566 986 εἶπεν,
606 921 854 979 ctesiphon
886 924 1108 966 Proedrus
1137 933 1450 975 non-contri,

89 999 210 1044 ‘bulis
241 996 382 1039 fuisse
415 994 646 1050 putandus
678 993 761 1042 sit,
804 992 885 1050 qui
915 996 1212 1049 sententiam,
1255 1003 1450 1049 Senatus

87 1076 229 1126 jussu,
261 1067 435 1125 populo
457 1063 757 1122 proposuerit.
819 1065 906 1107 Sed
940 1065 1153 1122 equidem
1172 1072 1328 1117 falsam
1351 1092 1449 1121 esse

87 1145 208 1186 hanc
227 1138 495 1197 opinionem
530 1138 724 1178 asserere
743 1150 839 1178 non
863 1137 1039 1182 dubito
1088 1141 1296 1189 Primum
1320 1149 1448 1195 enim

88 1213 220 1256 iflius
253 1219 455 1253 auctores
489 1206 541 1249 in
581 1221 634 1249 eo
675 1221 824 1250 errore
863 1221 1121 1262 versantur,
1171 1227 1226 1258 ut
1269 1232 1447 1282 putent

88 1285 266 1352 praeter
299 1281 697 1324 senatusconsulta
729 1280 854 1320 nulla
896 1282 951 1322 ad
987 1285 1211 1340 populum
1251 1293 1446 1350 Psephi..

86 1363 237 1398 emata
273 1351 380 1395 ferri
423 1350 631 1403 licuisse3
670 1352 790 1408 quod
828 1365 923 1393 non
964 1353 1027 1396 ita
1068 1371 1184 1407 esse,
1230 1372 1274 1402 et
1307 1378 1445 1420 supra

85 1430 179 1485 jam
211 1425 383 1469 dictum
416 1434 482 1465 est
514 1438 537 1464 a
569 1437 642 1473 me
654 1426 710 1475 ²),
746 1432 789 1463 et
821 1437 872 1464 ex
904 1422 987 1476 iis,
1020 1441 1133 1482 quae
1152 1433 1340 1485 paullo
1326 1451 1370 1485 n„
1422 1451 1443 1479 a

89 1498 314 1543 dicentur,
348 1494 489 1551 magis
522 1485 657 1536 etian3
688 1494 928 1549 apparebit.
1002 1500 1089 1539 Sed
1120 1515 1179 1541 ne
1218 1501 1267 1544 l'n
1302 1509 1325 1533 c
1352 1549 1357 1552 .
1393 1547 1395 1550 v
1424 1533 1444 1542 „

89 1566 382 1613 tusconsultis
414 1566 599 1622 quidem
640 1580 797 1607 verum
830 1580 925 1607 esse
957 1568 1171 1622 arbitror,
1215 1590 1335 1634 quo
1346 1558 1443 1640 iti

89 1643 265 1684 volunt.
326 1642 468 1680 Erant
499 1637 624 1680 enim
656 1652 720 1685 ea,
753 1648 806 1679 ut
836 1649 942 1680 ante
973 1640 1304 1686 demonstratm
1336 1658 1442 1702 est,

89 1724 167 1756 aut
197 1712 245 1752 in
276 1709 377 1767 priv
381 1710 440 1752 ati
472 1709 666 1762 alicujus
699 1708 970 1752 sententiam
998 1712 1269 1771 perscripta,
1302 1731 1442 1772 quam
1508 1758 1511 1759 γ

88 1783 151 1836 is,
193 1782 326 1825 venia
357 1793 459 1824 ante
489 1781 790 1839 impetrata³)‚
833 1783 1019 1825 Senatui
1059 1788 1442 1842 comprobandam

87 1866 407 1914 proposuerat,
448 1865 524 1896 aut
554 1856 606 1896 ab
640 1852 739 1910 ipso
767 1856 932 1898 Senatu
963 1871 1043 1897 sua
1083 1867 1240 1910 sponte
1271 1873 1441 1904 conce.-

88 1939 180 1986 pta.
249 1928 393 1983 Atque
435 1925 511 1967 ina
551 1923 735 1982 quidem
774 1924 876 1967 sine
916 1926 1059 1969 dubio
1100 1927 1136 1969 ii
1177 1928 1267 1986 ipsi
1300 1931 1440 1978 etiam

89 1998 141 2042 in
171 1997 369 2041 comitiis
387 1999 556 2054 populo
574 1998 760 2038 suadere
778 1997 1004 2052 solebant,
1036 1997 1086 2039 in
1113 2013 1306 2056 quorum
1336 2017 1438 2045 sen-

89 2068 282 2112 tentiam
329 2055 601 2125 perscripta*
628 2079 778 2123 erant,
838 2071 1180 2128 eorundemque
1230 2074 1436 2127 nomina,

90 2151 322 2198 tamquam
363 2141 584 2192 latorum,
634 2139 953 2199 Psephis'matis
994 2143 1434 2199 praescribebantur.

139 2267 174 2311 1)
201 2266 354 2311 Biagius
379 2267 427 2302 de
451 2269 608 2303 Decret.
642 2266 729 2303 Ath.
754 2278 790 2303 c.
820 2278 874 2315 13.
901 2269 934 2315 ς.
963 2281 1019 2305 ιι.

137 2333 175 2380 2)
202 2337 246 2369 V.
273 2348 357 2382 cap·
383 2349 417 2383 9.
445 2349 484 2383 p.
511 2338 567 2384 96.
594 2350 650 2384 sq.

135 2405 174 2449 3)
199 2405 275 2450 Qui
299 2405 464 2441 adeundi
488 2407 650 2447 Senatus
676 2413 716 2443 et
739 2405 1012 2455 proponendae
1043 2411 1262 2446 sententiae
1285 2411 1440 2448 veniam

90 2466 208 2512 petit,
234 2466 274 2500 id
299 2467 401 2513 quod
424 2468 568 2514 scripto
593 2469 680 2502 fieri
712 2470 884 2513 solebat,
920 2463 1109 2515 πρόὀοδον
1133 2468 1436 2519 ἀπογράψασθαι

91 2526 155 2560 vel
193 2523 419 2573 γράψασθαι
452 2529 602 2564 dicitur.
639 2531 785 2564 Hemst.
816 2530 864 2564 ad
893 2531 984 2564 Lucss
1021 2531 1065 2565 T.
1101 2533 1133 2567 Ι.
1167 2544 1205 2577 Ρ.
1244 2546 1318 2579 219.
1346 2534 1432 2579 Rip.

91 2582 429 2634 Ἀπογροέψασθαι,
455 2591 598 2635 scripto
621 2591 764 2638 aliquid
788 2597 942 2637 petere,
970 2599 1029 2627 est
1054 2594 1435 2639 ap.P1ut.V1·tt.X.

92 2647 220 2681 Oratt.
249 2659 285 2692 p.
317 2651 458 2693 351.1=·.
493 2649 705 2696 Λυκόφρων
735 2650 951 2701 Avxm'pyov
976 2651 1166 2700 ,Βουτάδης
1187 2653 1434 2705 ἀπεγράψατο

94 2705 197 2755 οὕτω
221 2709 318 2746 εἶναι
346 2712 510 2759 σίτησιν
513 2711 553 2747 ἕν
575 2715 807 2760 Πρυτανείῳ.
