1706 3058
265 120 336 133 ν,,.

263 139 341 164 ,κν-ί

268 244 380 278 οντες
430 227 481 266 ab
536 219 634 263 aliis
683 230 831 261 autem
884 221 1092 269 Ίὶλὲυντες
1131 218 1424 270 dicuntur²‘)‚
1478 230 1591 273 quae

266 297 415 342 omnia
447 292 630 336 nomina
668 290 853 332 totidem
895 301 999 332 sunt
1037 288 1368 331 simillimarum
1398 288 1515 329 inter
1544 299 1591 329 se

264 370 540 412 litterarum,
573 372 625 403 ut
654 359 802 403 cuivis
833 372 1049 418 appareat,
1082 376 1216 417 quam
1248 359 1374 400 facile
1406 359 1522 400 inter
1547 371 1593 399 se

265 438 510 499 permutari
540 434 795 494 potuerint,
836 445 880 475 et
918 448 1049 489 quam
1094 431 1320 473 veteribus
1351 429 1459 486 ipsis
1491 442 1594 482 pro..

267 513 383 556 clive
416 511 574 559 fuerit,
606 508 654 549 in
690 521 882 549 errorem
913 502 1083 552 induci,
1114 514 1404 559 posteaquam
1437 514 1484 543 ea
1515 513 1594 543 no·

266 582 390 625 mina
431 579 614 623 Athenis
655 577 816 621 abolita
858 586 1027 624 essent,
1069 585 1112 615 et
1153 574 1352 615 tribuum
1393 583 1596 614 veterum

266 654 381 696 ratio
419 653 684 705 jamdudum
726 648 845 706 apud
874 649 1111 703 plerosque
1142 645 1190 686 in
1222 644 1502 686 oblivionem
1534 642 1598 684 ire

266 725 498 780 coepisset.
561 723 654 765 Nos
684 732 832 763 autem
863 720 918 760 de
947 733 1048 760 veta
1080 728 1123 759 ct
1153 715 1345 774 genuina
1373 714 1496 755 illius
1516 727 1597 755 no·

267 795 402 838 minis
435 796 578 835 forma
610 792 817 834 dubitare
846 803 938 831 non
969 789 1079 830 sinit
1108 787 1342 830 marmoris
1383 782 1599 838 Cyziceni

271 867 603 916 auctoritas²⁶)‚
646 863 695 904 in
726 876 814 919 quo
845 877 936 904 non
969 862 1105 902 semel
1146 857 1352 900 distincte
1381 856 1599 913 scriptum

270 948 410 980 exstat
451 939 826 986 ΓΕΛΕΟΝΤΕΣ,
866 933 987 990 quod
1026 931 1143 987 apud
1173 930 1453 971 Herodotum
1485 941 1601 984 quo-

270 1024 380 1066 que,
423 1005 689 1063 scriptorem
728 1003 1118 1060 antiquissimum,
1172 999 1372 1049 codices,
1423 1002 1600 1042 duobus

271 1091 349 1122 aut
390 1078 534 1120 tribus
575 1076 794 1133 exceptis,
835 1075 1032 1116 offerunt
1071 1087 1240 1116 omnes,
1317 1071 1432 1128 Quis
1480 1071 1603 1114 enim

272 1151 451 1203 credet,
482 1148 810 1201 Cyzicenorum
843 1145 1076 1188 civitatem
1107 1159 1209 1185 vera
1242 1153 1284 1185 et
1314 1142 1495 1200 antiqua
1525 1142 1603 1184 tri-

270 1224 411 1264 buum
443 1234 619 1261 suarum
649 1217 831 1260 nomina
863 1228 940 1258 aut
971 1216 1214 1273 ignorasse,
1257 1226 1335 1256 aut
1364 1226 1530 1255 temere
1560 1224 1605 1255 et

272 1290 505 1333 arbitrario
537 1300 758 1336 mutasse,
804 1298 848 1328 et
876 1288 936 1328 ita
966 1298 1182 1335 mutasse,
1225 1298 1275 1327 ut
1303 1300 1386 1342 pro
1417 1299 1525 1326 vero
1556 1298 1606 1327 ae

273 1373 424 1404 vetere
475 1358 661 1401 nomine
712 1372 913 1408 novum,
968 1359 1092 1399 nulla
1143 1356 1346 1414 analogia
1403 1355 1607 1398 effictum

274 1445 319 1476 et
357 1429 699 1488 significationis
739 1443 833 1471 non
875 1427 1028 1471 minus
1069 1430 1281 1470 obscurae
1313 1428 1607 1483 adoptarent?

274 1504 410 1561 Quod
439 1502 569 1543 nobis
600 1502 861 1558 persuadere
892 1502 1054 1542 volunt
1084 1499 1144 1549 ii,
1177 1498 1257 1556 qui
1294 1501 1507 1549 Τελέοντας
1532 1512 1605 1540 ve·

274 1590 376 1618 rum
408 1584 452 1616 et
482 1572 718 1629 antiquum
747 1586 912 1614 nomen
946 1570 1082 1613 fuisse
1114 1572 1409 1618 contendunt,
1442 1569 1609 1614 Γελεόν-

276 1665 357 1691 των
389 1655 538 1687 autem
568 1659 735 1686 nomen
775 1642 998 1685 recentius
1041 1641 1308 1684 inclinatum
1339 1655 1431 1683 esse
1472 1656 1496 1682 a
1537 1644 1609 1687 Γέ.

277 1726 399 1770 λεως,
439 1719 527 1758 hoc
562 1726 708 1757 autem
750 1729 772 1757 a
814 1714 1025 1764 Γεώλεως,
1068 1716 1112 1758 h.
1155 1729 1192 1756 e.
1234 1714 1335 1762 λεώς
1363 1713 1608 1770 γεωργικός;

278 1793 408 1841 cujus
459 1787 784 1828 vocabulorum
835 1784 1116 1826 formationis
1169 1786 1345 1825 nullum
1396 1783 1610 1840 equidem

278 1858 390 1902 novi
421 1858 683 1910 exemplum.
712 1879 769 1889 —-
825 1860 874 1898 In
907 1857 1061 1898 eodem
1084 1867 1232 1897 autem
1253 1869 1473 1896 marmore
1504 1853 1606 1898 scri-

278 1941 409 1987 ptum
443 1939 508 1971 est
547 1927 793 1986 Αἰγικορεύς
833 1938 875 1970 et
905 1929 1074 1983 plurale
1105 1931 1360 1983 Αἰγικορεῖς,
1403 1941 1481 1982 pro
1514 1940 1606 1983 quo

282 2003 400 2058 apud
451 1999 714 2056 Euripidem
760 1998 924 2055 legitur
973 1999 1114 2042 Attica
1167 1999 1307 2039 forma
1357 2002 1609 2056 Αἶγικορῇςς

283 2086 416 2130 porro
443 2070 681 2128 Ἀργάδεις,
712 2084 803 2111 non
829 2070 1061 2128 Ἐργάδεις,
1091 2081 1142 2111 ut
1161 2069 1277 2125 apud
1298 2069 1581 2111 Plutarchum
1593 2083 1620 2121 3,
1645 2111 1649 2116 s

285 2143 480 2199 denique
507 2143 733 2198 ‘'Onmeg,
765 2156 860 2184 non
892 2142 1102 2196 “Οπλίτ;αι,
1134 2143 1256 2199 quod
1285 2139 1404 2182 idem
1434 2141 1611 2182 Plutar-

286 2216 394 2256 chus
433 2216 648 2269 habet²⁷).

335 2334 392 2377 25)
420 2333 608 2369 Peuovm
632 2344 688 2378 ap.
715 2332 895 2367 Herodot.
921 2334 962 2366 V.
991 2344 1022 2367 c.
1042 2333 1099 2367 66.
1124 2330 1313 2370 Γεδέοντες
1333 2342 1392 2376 ap.
1418 2325 1613 2365 ΡῙιιῒιτοῙιρ

288 2394 416 2429 Solon·
444 2404 473 2426 c·
502 2405 554 2437 23-
585 2393 770 2430 Τελέοντος
794 2393 891 2440 apud
923 2395 1052 2440 Eurip.
1080 2395 1160 2429 Ion.
1179 2407 1212 2428 v.
1242 2403 1354 2439 1579„
1380 2391 1451 2426 Jul.
1474 2390 1612 2425 Pollux

288 2456 393 2489 vm.
411 2467 423 2488 1
433 2467 446 2488 1
456 2467 468 2488 1
478 2479 500 2496 .‚
511 2454 640 2499 Steph.
654 2455 806 2500 Byzant.
820 2455 861 2489 in
883 2453 1102 2503 Αἰγικορεῖς,
1127 2454 1192 2490 ubi
1199 2460 1326 2489 tamen
1336 2451 1511 2488 nonnulli
1519 2449 1607 2486 libri

290 2515 433 2550 hahent
457 2514 657 2552 Γελέοντεσ.

335 2584 545 2628 26)Ca3·1us
563 2583 720 2620 Recueil
742 2586 776 2620 d‘
795 2586 1040 2633 Antiquitdes,
1061 2587 1167 2621 T.11.
1185 2584 1262 2619 tab.
1284 2594 1356 2630 59„
1379 2582 1530 2627 60.,61.,
1552 2581 1607 2616 62.

334 2654 392 2699 27)
418 2652 631 2689 Herodotus
655 2655 680 2690 l.
707 2656 732 2689 1.
755 2657 855 2691 Ionis
875 2655 973 2690 filios
990 2656 1202 2700 nominans,
1227 2666 1249 2689 a
1273 2653 1405 2701 quibus
1428 2651 1522 2687 haec
1540 2660 1611 2685 no-
