1706 3058
264 81 342 126 562

338 188 588 234 Permansit
609 197 758 229 autem
787 188 894 228 haec
914 185 1071 242 populi
1093 185 1142 228 in
1171 187 1333 236 tribua,
1363 187 1579 243 phratrias

254 272 493 319 gentesque
534 256 774 310 descriptio
822 257 957 298 etiam
994 269 1094 313 post
1134 259 1307 301 Solonio
1338 255 1579 315 legislatio..

254 349 380 384 nem3
419 332 496 374 sed
528 329 739 372 ordinum
770 327 953 383 antiqua
984 329 1095 371 ratio
1126 340 1169 370 et
1201 328 1401 370 conditio
1441 331 1493 371 ab
1524 343 1577 372 eo

252 414 423 447 mutata
467 413 551 452 est,
591 412 634 442 et
673 405 769 453 jura
809 399 1291 456 civibus‘aequabiliue
1321 398 1581 445 distributa.

254 478 390 519 Solon
442 473 564 515 enim
621 471 820 528 primum
872 469 926 511 in
972 469 1221 512 libertatem
1268 470 1457 514 asseruit
1505 484 1580 513 eos

254 561 432 595 omues,
475 544 551 602 qui
593 555 744 592 antea,
796 542 892 584 sivo
933 557 983 584 ex
1022 541 1325 598 antiquissimi
1367 541 1581 597 temporis

253 618 483 664 instituto,
527 614 620 657 eive
661 612 966 669 potentiorum
1004 612 1051 653 vi
1082 625 1125 656 et
1162 613 1337 666 injuriis
1370 612 1583 669 oppressi,

252 692 300 733 in
342 703 498 731 eorum
540 684 744 728 clientela
787 686 985 734 fuerant,
1035 695 1078 724 et
1118 694 1411 740 patronorum
1454 696 1580 740 agros

249 775 385 818 parva
417 759 622 800 mercede
654 758 797 798 colere
827 757 1091 804 debuerant,
1124 769 1316 812 quorum
1346 765 1583 810 permagna

252 843 343 875 erat
375 830 452 872 illo
484 842 685 885 tempore
715 827 1047 880 multitudoffik
1078 825 1203 875 alios,
1236 825 1330 882 qui,
1363 839 1467 866 cum
1497 825 1583 866 eol-

252 903 398 945 vendo
431 915 523 942 nou
561 911 732 948 esseut,
774 913 796 939 a
839 897 1135 940 creditoribus
1175 895 1276 938 nexi
1307 907 1386 937 aut
1415 894 1583 937 servie-

251 977 361 1016 bant
391 972 474 1020 iis,
515 983 592 1013 aut
622 971 757 1012 etiam
788 983 969 1025 peregre
1009 983 1179 1009 venum
1212 968 1458 1017 dabantur,
1495 981 1583 1009 no·-

250 1059 406 1086 varum
445 1045 695 1085 tabularum
735 1038 953 1083 beneficio
991 1038 1039 1079 in
1077 1038 1270 1080 liberum
1305 1050 1470 1081 statum
1507 1053 1584 1081 re·-

253 1115 427 1164 stituit;
477 1118 702 1170 postremo
733 1126 955 1154 summam
995 1109 1266 1166 reipublicae
1297 1120 1581 1166 potestatem,

254 1202 367 1244 quae
398 1196 524 1227 antea
556 1199 691 1242 penes
721 1186 840 1224 solos
870 1180 1138 1237 Eupoetridas
1171 1182 1333 1231 fuerat,
1377 1195 1483 1223 cum
1514 1195 1584 1223 re-

250 1257 386 1316 liquis
429 1270 607 1314 quoque
655 1254 833 1297 civibus
883 1253 946 1294 ita
986 1251 1359 1300 communicavit,
1406 1264 1459 1295 ut
1495 1257 1584 1306 jam

295 1414 356 1458 58)
382 1410 572 1446 Plutarch.
599 1410 727 1444 Solon.
755 1420 786 1442 c.
815 1420 865 1452 13.
882 1406 1010 1445 ''Anac
1033 1406 1101 1449 μὲν
1124 1404 1192 1451 γάρ
1228 1403 1251 1441 o‘
1283 1404 1397 1451 δῆμος
1419 1399 1466 1450 ἦν
1490 1403 1588 1442 v'mi-

253 1484 364 1519 χρεως
385 1472 457 1508 τῶν
481 1471 675 1506 πλουσίων.
707 1469 769 1506 ”H
788 1468 856 1516 γάρ
881 1468 1082 1516 ἑγεώργοιν
1105 1466 1256 1502 ἐκείνοις
1283 1466 1372 1502 ἕκτα
1394 1466 1472 1502 τῶν
1487 1481 1588 1514 γινο-

238 1537 371 1580 μένων
391 1530 588 1573 τελοῦντες,
613 1528 828 1578 ἑκτημόριοι
844 1524 1200 1575 προσαγορευόμενοι
1225 1531 1286 1561 καὶ
1305 1526 1428 1570 θῆτες.
1447 1542 1479 1562 κ.
1492 1540 1526 1563 ς.
1549 1525 1584 1561 λ.

252 1594 327 1630 Sed
366 1593 413 1627 de
453 1592 685 1638 ἑκτημοριόις
720 1602 866 1625 errasse
898 1596 989 1635 puto
1024 1586 1269 1622 Plutarchum
1302 1592 1360 1630 et,
1405 1587 1469 1633 qui
1499 1587 1588 1621 Plu-

252 1656 428 1692 tarchum
462 1659 612 1687 secutus
643 1644 815 1693 videtur,
854 1645 1087 1693 Hesychium
1115 1648 1156 1681 in
1195 1644 1441 1691 Ἐπίμορτοσ,
1475 1649 1585 1682 Tom.

253 1720 303 1754 11.
327 1729 364 1763 Ρ.
401 1716 496 1761 1369.
554 1714 665 1754 Sam,
690 1713 722 1746 si
745 1716 889 1746 sextam
918 1707 1180 1742 tantummodo
1216 1707 1411 1741 fructuum
1435 1713 1585 1752 partem

253 1777 423 1825 patronis
446 1773 713 1815 reddiderunt,
747 1773 915 1818 quinque
939 1768 1196 1808 retinuemm,
1225 1768 1330 1801 nullo
1353 1767 1467 1802 modo
1493 1767 1587 1802 dura

255 1838 377 1875 videri
399 1837 522 1883 potuit
546 1845 680 1869 eorum
705 1831 897 1872 conditio,
922 1841 970 1863 ne
994 1836 1076 1862 tum
1102 1827 1277 1872 quidem,
1303 1828 1336 1861 si
1358 1829 1588 1862 instrumen-

258 1909 296 1936 ta
319 1898 461 1934 rustica
483 1897 631 1941 aliaque
656 1894 703 1928 ad
727 1904 837 1938 agros
863 1890 1043 1925 colendos
1068 1888 1282 1922 necessaria
1313 1888 1403 1933 ipsis
1437 1900 1588 1934 compa-

260 1961 381 1996 tanda
400 1959 576 1999 fuerunt,
610 1965 705 2002 quae
730 1959 787 1988 est
812 1951 1005 1987 Schaeferi
1029 1949 1237 1992 sententia,
1265 1960 1323 1993 ap.
1350 1949 1586 1993 Platnerum,

262 2024 308 2057 de
340 2025 460 2067 gentt,
496 2020 571 2052 Att.
606 2028 643 2061 p.
679 2021 711 2055 8
759 2015 862 2048 Haec
887 2013 990 2047 enim
1015 2011 1135 2045 semel
1155 2014 1396 2054 comparata,
1433 2009 1480 2043 ad
1504 2010 1588 2046 lon.

261 2096 352 2131 gum
376 2088 528 2126 tempus
553 2079 689 2112 durant
707 2082 746 2111 et
767 2075 855 2110 filiis
882 2083 1031 2120 quoque
1050 2070 1281 2106 hereditaria
1294 2069 1584 2118 relinquuntur3

258 2155 384 2191 neque
406 2143 459 2176 ita
479 2150 617 2185 magno
642 2142 768 2171 sumtu
793 2147 884 2180 opus
909 2140 966 2168 est
983 2128 1029 2167 ad
1049 2144 1092 2166 ea
1114 2130 1321 2166 reficienda
1340 2136 1379 2165 et
1395 2131 1587 2166 servanda.

257 2209 391 2251 Itaque
413 2202 604 2238 veriorem
624 2203 717 2244 puto
741 2207 876 2231 eorum
898 2193 1145 2234 sententiam,
1181 2191 1244 2237 qui
1276 2191 1512 2236 ἑκτημορίους
1531 2192 1587 2225 di-

264 2272 399 2302 xerunt
427 2264 593 2310 quinque
619 2265 746 2305 partes
772 2255 1000 2298 reddidisse,
1037 2260 1181 2288 sextam
1205 2256 1353 2285 tantum
1374 2251 1586 2287 retinuisse.

263 2328 369 2361 Hane
395 2323 496 2358 enim
532 2320 804 2355 nonnullorum
837 2317 952 2352 fuisse
978 2315 1203 2350 sententiam
1227 2318 1330 2357 patet
1356 2323 1400 2346 ex
1423 2313 1587 2358 Hesych.

263 2391 292 2422 1.
319 2399 353 2433 Ρ.
383 2395 474 2429 1152.
522 2377 771 2426 Ἐκτὴμοροιε
800 2377 839 2415 οἱ
861 2375 953 2420 (ἐπὶ)
978 2376 1067 2420 ἕκτῳ
1090 2378 1195 2422 μέρει
1222 2379 1288 2418 τῆν
1310 2371 1378 2419 γῆν
1394 2371 1590 2419 γεωργοῖν-

262 2460 338 2491 ne,
365 2454 403 2481 et
428 2457 473 2480 ex
496 2441 664 2477 Eustath.
693 2440 738 2474 ad
765 2439 898 2484 Odyss.
924 2436 1023 2473 XIX
1051 2450 1082 2471 v.
1120 2441 1175 2474 28·
1199 2447 1234 2480 Ρ.
1272 2435 1360 2476 680,
1391 2445 1446 2479 49·
1473 2434 1588 2469 Basil.

262 2516 361 2554 1354.
388 2508 497 2541 Rom.
524 2499 657 2545 ἐθνικῆ
683 2498 721 2535 δὲ
746 2499 838 2542 λέξις
862 2503 921 2535 καὶ
948 2513 969 2543 η
994 2495 1133 2544 μορτὴ,
1157 2494 1202 2531 τό
1238 2494 1343 2530 ἕκτον
1367 2498 1454 2541 φασὶ
1477 2497 1591 2540 μέρος

261 2583 336 2605 των
360 2564 535 2612 καρπῶν,
556 2576 580 2606 η
600 2558 743 2597 ἐδίδοτο
766 2561 843 2598 τοῖς
862 2560 1113 2605 ὅκτημοριόις,
1140 2568 1186 2594 ως
1210 2555 1250 2594 ἓν
1273 2552 1450 2602 ἐνωνῖμω
1471 2555 1590 2595 neira

264 2628 389 2673 λεξικῷ
414 2624 606 2671 ῥητορικοῦ.
