<?xml version="1.0" encoding="UTF-8"?>
<!DOCTYPE html PUBLIC "-//W3C//DTD XHTML 1.0 Transitional//EN"
    "http://www.w3.org/TR/xhtml1/DTD/xhtml1-transitional.dtd">
<html xmlns="http://www.w3.org/1999/xhtml" xml:lang="en" lang="en">
 <head>
  <title>
</title>
<meta http-equiv="Content-Type" content="text/html;charset=utf-8" />
  <meta name='ocr-system' content='tesseract 3.04.00' />
  <meta name='ocr-capabilities' content='ocr_page ocr_carea ocr_par ocr_line ocrx_word'/>
</head>
<body>
  <div class='ocr_page' id='page_1' title='image "./decomitiisatheni00sch_0290.png"; bbox 0 0 1706 3058; ppageno 0'>
   <div class='ocr_carea' id='block_1_1' title="bbox 292 80 374 123">
    <p class='ocr_par' dir='ltr' id='par_1_1' title="bbox 292 80 374 123">
     <span class='ocr_line' id='line_1_1' title="bbox 292 80 374 123; baseline 0.024 -2"><span class='ocrx_word' id='word_1_1' title='bbox 292 80 374 123; x_wconf 65' lang='lat'>254</span> 
     </span>
    </p>
   </div>
   <div class='ocr_carea' id='block_1_2' title="bbox 291 186 1611 312">
    <p class='ocr_par' dir='ltr' id='par_1_2' title="bbox 291 186 1611 312">
     <span class='ocr_line' id='line_1_2' title="bbox 294 186 1611 278; baseline 0.005 -51"><span class='ocrx_word' id='word_1_2' title='bbox 294 198 364 228; x_wconf 78' lang='lat' dir='ltr'>tor</span> <span class='ocrx_word' id='word_1_3' title='bbox 393 200 444 228; x_wconf 86' lang='lat' dir='ltr'>ex</span> <span class='ocrx_word' id='word_1_4' title='bbox 474 186 647 231; x_wconf 79' lang='lat' dir='ltr'>civibus</span> <span class='ocrx_word' id='word_1_5' title='bbox 677 188 918 243; x_wconf 79' lang='lat' dir='ltr'>universis,</span> <span class='ocrx_word' id='word_1_6' title='bbox 925 192 1064 246; x_wconf 78' lang='lat' dir='ltr'>leges</span> <span class='ocrx_word' id='word_1_7' title='bbox 1082 191 1337 278; x_wconf 67' lang='grc' dir='ltr'>ιίοέοηειιτὶ,ι</span> <span class='ocrx_word' id='word_1_8' title='bbox 1351 205 1464 248; x_wconf 70' lang='lat' dir='ltr'>quae</span> <span class='ocrx_word' id='word_1_9' title='bbox 1495 192 1611 249; x_wconf 79' lang='lat' dir='ltr'>apud</span> 
     </span>
     <span class='ocr_line' id='line_1_3' title="bbox 291 259 899 312; baseline 0.003 -13"><span class='ocrx_word' id='word_1_10' title='bbox 291 260 585 299; x_wconf 81' lang='lat' dir='ltr'>Nomothetas</span> <span class='ocrx_word' id='word_1_11' title='bbox 622 259 899 312; x_wconf 80' lang='lat' dir='ltr'>abrogentur.</span> 
     </span>
    </p>
   </div>
   <div class='ocr_carea' id='block_1_3' title="bbox 282 329 1615 1448">
    <p class='ocr_par' dir='ltr' id='par_1_3' title="bbox 282 329 1615 1448">
     <span class='ocr_line' id='line_1_4' title="bbox 375 329 1608 391; baseline 0.008 -22"><span class='ocrx_word' id='word_1_12' title='bbox 375 332 466 369; x_wconf 82' lang='lat' dir='ltr'>Iam</span> <span class='ocrx_word' id='word_1_13' title='bbox 499 338 645 369; x_wconf 82' lang='lat' dir='ltr'>nostra</span> <span class='ocrx_word' id='word_1_14' title='bbox 677 342 808 384; x_wconf 85' lang='lat' dir='ltr'>opera</span> <span class='ocrx_word' id='word_1_15' title='bbox 849 329 897 371; x_wconf 90' lang='lat' dir='ltr'>in</span> <span class='ocrx_word' id='word_1_16' title='bbox 939 333 1095 375; x_wconf 79' lang='lat' dir='ltr'>harum</span> <span class='ocrx_word' id='word_1_17' title='bbox 1135 335 1284 390; x_wconf 85' lang='lat' dir='ltr'>legum</span> <span class='ocrx_word' id='word_1_18' title='bbox 1314 336 1608 391; x_wconf 81' lang='lat' dir='ltr'>explicatione</span> 
     </span>
     <span class='ocr_line' id='line_1_5' title="bbox 290 398 1608 463; baseline 0.008 -23"><span class='ocrx_word' id='word_1_19' title='bbox 290 398 559 440; x_wconf 76' lang='lat' dir='ltr'>versabitur:</span> <span class='ocrx_word' id='word_1_20' title='bbox 592 413 682 443; x_wconf 86' lang='lat' dir='ltr'>non</span> <span class='ocrx_word' id='word_1_21' title='bbox 713 400 834 442; x_wconf 90' lang='lat' dir='ltr'>enim</span> <span class='ocrx_word' id='word_1_22' title='bbox 866 416 1001 444; x_wconf 86' lang='lat' dir='ltr'>unam</span> <span class='ocrx_word' id='word_1_23' title='bbox 1033 419 1150 454; x_wconf 80' lang='lat' dir='ltr'>esse,</span> <span class='ocrx_word' id='word_1_24' title='bbox 1181 407 1257 447; x_wconf 85' lang='lat' dir='ltr'>sed</span> <span class='ocrx_word' id='word_1_25' title='bbox 1286 405 1483 462; x_wconf 81' lang='lat' dir='ltr'>plurium</span> <span class='ocrx_word' id='word_1_26' title='bbox 1514 422 1608 463; x_wconf 79' lang='lat' dir='ltr'>pat·</span> 
     </span>
     <span class='ocr_line' id='line_1_6' title="bbox 289 471 1612 526; baseline 0.008 -17"><span class='ocrx_word' id='word_1_27' title='bbox 289 480 377 516; x_wconf 84' lang='lat' dir='ltr'>tes,</span> <span class='ocrx_word' id='word_1_28' title='bbox 410 471 720 512; x_wconf 74' lang='lat' dir='ltr'>Demosthenis</span> <span class='ocrx_word' id='word_1_29' title='bbox 751 471 887 526; x_wconf 85' lang='lat' dir='ltr'>ipsius</span> <span class='ocrx_word' id='word_1_30' title='bbox 919 475 1052 516; x_wconf 84' lang='lat' dir='ltr'>verba</span> <span class='ocrx_word' id='word_1_31' title='bbox 1085 475 1270 524; x_wconf 86' lang='lat' dir='ltr'><strong>docent,</strong></span> <span class='ocrx_word' id='word_1_32' title='bbox 1303 491 1407 519; x_wconf 91' lang='lat' dir='ltr'>cum</span> <span class='ocrx_word' id='word_1_33' title='bbox 1437 488 1481 519; x_wconf 88' lang='lat' dir='ltr'>et</span> <span class='ocrx_word' id='word_1_34' title='bbox 1509 479 1612 521; x_wconf 82' lang='lat' dir='ltr'>scri-</span> 
     </span>
     <span class='ocr_line' id='line_1_7' title="bbox 289 539 1613 603; baseline 0.009 -23"><span class='ocrx_word' id='word_1_35' title='bbox 289 542 388 580; x_wconf 86' lang='lat' dir='ltr'>bam</span> <span class='ocrx_word' id='word_1_36' title='bbox 421 539 687 595; x_wconf 82' lang='lat' dir='ltr'><strong>alloquitur:</strong></span> <span class='ocrx_word' id='word_1_37' title='bbox 747 543 845 599; x_wconf 79' lang='grc' dir='ltr'><strong><em>λάβε</em></strong></span> <span class='ocrx_word' id='word_1_38' title='bbox 884 550 1072 590; x_wconf 83' lang='grc' dir='ltr'><em>τουτουσὶ</em></span> <span class='ocrx_word' id='word_1_39' title='bbox 1099 548 1196 598; x_wconf 75' lang='grc' dir='ltr'>τούς</span> <span class='ocrx_word' id='word_1_40' title='bbox 1228 544 1389 603; x_wconf 83' lang='grc' dir='ltr'><em>’νόμους</em></span> <span class='ocrx_word' id='word_1_41' title='bbox 1416 551 1485 591; x_wconf 83' lang='grc' dir='ltr'>καὶ</span> <span class='ocrx_word' id='word_1_42' title='bbox 1514 547 1613 591; x_wconf 77' lang='grc' dir='ltr'>ἄνᾶ-</span> 
     </span>
     <span class='ocr_line' id='line_1_8' title="bbox 290 611 1615 676; baseline 0.008 -24"><span class='ocrx_word' id='word_1_43' title='bbox 290 617 436 667; x_wconf 68' lang='grc' dir='ltr'><em>γνωθι,</em></span> <span class='ocrx_word' id='word_1_44' title='bbox 466 621 508 651; x_wconf 88' lang='lat' dir='ltr'>ct</span> <span class='ocrx_word' id='word_1_45' title='bbox 525 611 719 665; x_wconf 82' lang='lat' dir='ltr'>judices:</span> <span class='ocrx_word' id='word_1_46' title='bbox 753 619 963 672; x_wconf 80' lang='grc' dir='ltr'><strong><em>προσέχετε</em></strong></span> <span class='ocrx_word' id='word_1_47' title='bbox 981 619 1050 662; x_wconf 82' lang='grc' dir='ltr'>τὸν</span> <span class='ocrx_word' id='word_1_48' title='bbox 1069 623 1172 662; x_wconf 78' lang='grc' dir='ltr'><em>νοῦν</em></span> <span class='ocrx_word' id='word_1_49' title='bbox 1196 617 1615 676; x_wconf 69' lang='grc' dir='ltr'><em>ἀναγιγνωσκομένοις</em></span> 
     </span>
     <span class='ocr_line' id='line_1_9' title="bbox 289 682 1612 744; baseline 0.005 -20"><span class='ocrx_word' id='word_1_50' title='bbox 289 689 374 732; x_wconf 88' lang='grc' dir='ltr'><em>τοῖς</em></span> <span class='ocrx_word' id='word_1_51' title='bbox 394 682 561 734; x_wconf 71' lang='grc' dir='ltr'><em>νόμοιςι</em></span> <span class='ocrx_word' id='word_1_52' title='bbox 609 691 649 721; x_wconf 91' lang='lat' dir='ltr'>et</span> <span class='ocrx_word' id='word_1_53' title='bbox 667 695 766 737; x_wconf 84' lang='lat' dir='ltr'>post</span> <span class='ocrx_word' id='word_1_54' title='bbox 787 686 989 728; x_wconf 78' lang='lat' dir='ltr'>recitatas</span> <span class='ocrx_word' id='word_1_55' title='bbox 1014 689 1150 744; x_wconf 83' lang='lat' dir='ltr'>leges:</span> <span class='ocrx_word' id='word_1_56' title='bbox 1184 682 1299 732; x_wconf 76' lang='grc' dir='ltr'><em>οὗτοι</em></span> <span class='ocrx_word' id='word_1_57' title='bbox 1312 690 1524 740; x_wconf 80' lang='grc' dir='ltr'><em>πάντες,οἷ</em></span> <span class='ocrx_word' id='word_1_58' title='bbox 1539 689 1612 734; x_wconf 63' lang='lat' dir='ltr'>ud-</span> 
     </span>
     <span class='ocr_line' id='line_1_10' title="bbox 289 754 1613 817; baseline 0.006 -23"><span class='ocrx_word' id='word_1_59' title='bbox 289 771 360 806; x_wconf 82' lang='grc' dir='ltr'><em>μοι</em></span> <span class='ocrx_word' id='word_1_60' title='bbox 399 760 550 795; x_wconf 80' lang='grc' dir='ltr'><em>κεῖνται</em></span> <span class='ocrx_word' id='word_1_61' title='bbox 590 754 720 798; x_wconf 75' lang='grc' dir='ltr'><em>πολύν</em></span> <span class='ocrx_word' id='word_1_62' title='bbox 759 755 838 811; x_wconf 79' lang='grc' dir='ltr'>ἤδη</span> <span class='ocrx_word' id='word_1_63' title='bbox 878 758 1099 814; x_wconf 60' lang='grc' dir='ltr'><em>χρόνονῃ).</em></span> <span class='ocrx_word' id='word_1_64' title='bbox 1176 760 1315 815; x_wconf 78' lang='lat' dir='ltr'>Igitur</span> <span class='ocrx_word' id='word_1_65' title='bbox 1353 761 1470 817; x_wconf 76' lang='lat' dir='ltr'>leges</span> <span class='ocrx_word' id='word_1_66' title='bbox 1510 760 1613 802; x_wconf 78' lang='lat' dir='ltr'>illae</span> 
     </span>
     <span class='ocr_line' id='line_1_11' title="bbox 289 824 1613 884; baseline 0.006 -20"><span class='ocrx_word' id='word_1_67' title='bbox 289 835 366 864; x_wconf 84' lang='lat' dir='ltr'>aut</span> <span class='ocrx_word' id='word_1_68' title='bbox 395 825 542 880; x_wconf 82' lang='lat' dir='ltr'>legum</span> <span class='ocrx_word' id='word_1_69' title='bbox 566 824 809 879; x_wconf 82' lang='lat' dir='ltr'>fragmenta</span> <span class='ocrx_word' id='word_1_70' title='bbox 843 829 928 872; x_wconf 89' lang='lat' dir='ltr'>hoc</span> <span class='ocrx_word' id='word_1_71' title='bbox 958 829 1154 884; x_wconf 82' lang='lat' dir='ltr'>primum</span> <span class='ocrx_word' id='word_1_72' title='bbox 1186 833 1362 879; x_wconf 85' lang='lat' dir='ltr'><strong>docent,</strong></span> <span class='ocrx_word' id='word_1_73' title='bbox 1395 831 1613 872; x_wconf 17' lang='lat' dir='ltr'>inwannua</span> 
     </span>
     <span class='ocr_line' id='line_1_12' title="bbox 287 894 1612 954; baseline 0.007 -19"><span class='ocrx_word' id='word_1_74' title='bbox 287 894 372 935; x_wconf 85' lang='lat' dir='ltr'>ista</span> <span class='ocrx_word' id='word_1_75' title='bbox 402 897 551 950; x_wconf 87' lang='lat' dir='ltr'>legum</span> <span class='ocrx_word' id='word_1_76' title='bbox 584 909 765 937; x_wconf 78' lang='lat' dir='ltr'>censura</span> <span class='ocrx_word' id='word_1_77' title='bbox 796 899 950 954; x_wconf 88' lang='lat' dir='ltr'>populi</span> <span class='ocrx_word' id='word_1_78' title='bbox 981 900 1119 944; x_wconf 86' lang='lat' dir='ltr'>fuisse</span> <span class='ocrx_word' id='word_1_79' title='bbox 1157 901 1415 952; x_wconf 85' lang='lat' dir='ltr'><strong>arbitrium,</strong></span> <span class='ocrx_word' id='word_1_80' title='bbox 1457 912 1612 944; x_wconf 84' lang='lat' dir='ltr'>utrum</span> 
     </span>
     <span class='ocr_line' id='line_1_13' title="bbox 286 966 1613 1022; baseline 0.008 -17"><span class='ocrx_word' id='word_1_81' title='bbox 286 978 456 1007; x_wconf 83' lang='lat' dir='ltr'>veteres</span> <span class='ocrx_word' id='word_1_82' title='bbox 478 968 594 1022; x_wconf 88' lang='lat' dir='ltr'>leges</span> <span class='ocrx_word' id='word_1_83' title='bbox 613 966 865 1010; x_wconf 77' lang='lat' dir='ltr'>immutatas</span> <span class='ocrx_word' id='word_1_84' title='bbox 888 985 1067 1014; x_wconf 90' lang='lat' dir='ltr'>manere</span> <span class='ocrx_word' id='word_1_85' title='bbox 1088 974 1236 1021; x_wconf 85' lang='lat' dir='ltr'>vellet,</span> <span class='ocrx_word' id='word_1_86' title='bbox 1267 987 1321 1014; x_wconf 85' lang='lat' dir='ltr'>an</span> <span class='ocrx_word' id='word_1_87' title='bbox 1345 987 1480 1015; x_wconf 87' lang='lat' dir='ltr'>novas</span> <span class='ocrx_word' id='word_1_88' title='bbox 1501 974 1613 1014; x_wconf 85' lang='lat' dir='ltr'>sub-</span> 
     </span>
     <span class='ocr_line' id='line_1_14' title="bbox 286 1037 1611 1097; baseline 0.004 -19"><span class='ocrx_word' id='word_1_89' title='bbox 286 1038 431 1094; x_wconf 84' lang='lat' dir='ltr'>rogari</span> <span class='ocrx_word' id='word_1_90' title='bbox 469 1037 742 1092; x_wconf 87' lang='lat' dir='ltr'>permitteret</span> <span class='ocrx_word' id='word_1_91' title='bbox 755 1038 834 1095; x_wconf 78' lang='lat'><strong>¹²)‚·</strong></span> <span class='ocrx_word' id='word_1_92' title='bbox 875 1055 959 1097; x_wconf 88' lang='lat' dir='ltr'>qua</span> <span class='ocrx_word' id='word_1_93' title='bbox 1001 1044 1054 1084; x_wconf 89' lang='lat' dir='ltr'>de</span> <span class='ocrx_word' id='word_1_94' title='bbox 1085 1059 1130 1085; x_wconf 90' lang='lat' dir='ltr'>re</span> <span class='ocrx_word' id='word_1_95' title='bbox 1163 1044 1356 1097; x_wconf 80' lang='lat' dir='ltr'>judicare</span> <span class='ocrx_word' id='word_1_96' title='bbox 1387 1054 1428 1084; x_wconf 89' lang='lat' dir='ltr'>et</span> <span class='ocrx_word' id='word_1_97' title='bbox 1459 1044 1611 1084; x_wconf 82' lang='lat' dir='ltr'>suffra-</span> 
     </span>
     <span class='ocr_line' id='line_1_15' title="bbox 286 1108 1613 1165; baseline 0.006 -18"><span class='ocrx_word' id='word_1_98' title='bbox 286 1108 412 1164; x_wconf 85' lang='lat' dir='ltr'>gium</span> <span class='ocrx_word' id='word_1_99' title='bbox 445 1109 558 1148; x_wconf 89' lang='lat' dir='ltr'>ferre</span> <span class='ocrx_word' id='word_1_100' title='bbox 588 1122 677 1149; x_wconf 86' lang='lat' dir='ltr'>non</span> <span class='ocrx_word' id='word_1_101' title='bbox 711 1121 908 1165; x_wconf 87' lang='lat' dir='ltr'>poterat,</span> <span class='ocrx_word' id='word_1_102' title='bbox 942 1112 1031 1155; x_wconf 85' lang='lat' dir='ltr'>nisi</span> <span class='ocrx_word' id='word_1_103' title='bbox 1065 1117 1249 1157; x_wconf 83' lang='lat' dir='ltr'>edoctus</span> <span class='ocrx_word' id='word_1_104' title='bbox 1275 1127 1406 1158; x_wconf 85' lang='lat' dir='ltr'>autea</span> <span class='ocrx_word' id='word_1_105' title='bbox 1435 1116 1487 1156; x_wconf 89' lang='lat' dir='ltr'>ab</span> <span class='ocrx_word' id='word_1_106' title='bbox 1518 1129 1613 1156; x_wconf 64' lang='lat' dir='ltr'>ora·</span> 
     </span>
     <span class='ocr_line' id='line_1_16' title="bbox 282 1178 1613 1237; baseline 0.007 -17"><span class='ocrx_word' id='word_1_107' title='bbox 282 1178 482 1226; x_wconf 81' lang='lat' dir='ltr'>toribus,</span> <span class='ocrx_word' id='word_1_108' title='bbox 527 1190 603 1219; x_wconf 87' lang='lat' dir='ltr'>aut</span> <span class='ocrx_word' id='word_1_109' title='bbox 634 1179 945 1237; x_wconf 81' lang='lat' dir='ltr'>relinquendas</span> <span class='ocrx_word' id='word_1_110' title='bbox 979 1196 1174 1235; x_wconf 78' lang='lat' dir='ltr'>veteres,</span> <span class='ocrx_word' id='word_1_111' title='bbox 1217 1198 1292 1228; x_wconf 86' lang='lat' dir='ltr'>aut</span> <span class='ocrx_word' id='word_1_112' title='bbox 1324 1186 1428 1228; x_wconf 83' lang='lat' dir='ltr'>alias</span> <span class='ocrx_word' id='word_1_113' title='bbox 1458 1201 1613 1230; x_wconf 88' lang='lat' dir='ltr'>earum</span> 
     </span>
     <span class='ocr_line' id='line_1_17' title="bbox 285 1249 1611 1312; baseline 0.008 -22"><span class='ocrx_word' id='word_1_114' title='bbox 285 1250 388 1290; x_wconf 92' lang='lat' dir='ltr'>loco</span> <span class='ocrx_word' id='word_1_115' title='bbox 419 1249 748 1292; x_wconf 83' lang='lat' dir='ltr'>substituendas</span> <span class='ocrx_word' id='word_1_116' title='bbox 778 1254 1079 1296; x_wconf 79' lang='lat' dir='ltr'>suadentibus.</span> <span class='ocrx_word' id='word_1_117' title='bbox 1150 1259 1293 1312; x_wconf 86' lang='lat' dir='ltr'>Atque</span> <span class='ocrx_word' id='word_1_118' title='bbox 1333 1258 1475 1300; x_wconf 84' lang='lat' dir='ltr'>cuivis</span> <span class='ocrx_word' id='word_1_119' title='bbox 1517 1256 1611 1300; x_wconf 83' lang='lat' dir='ltr'>civi</span> 
     </span>
     <span class='ocr_line' id='line_1_18' title="bbox 283 1320 1613 1384; baseline 0.009 -24"><span class='ocrx_word' id='word_1_120' title='bbox 283 1320 446 1361; x_wconf 79' lang='lat' dir='ltr'>licebat</span> <span class='ocrx_word' id='word_1_121' title='bbox 476 1322 618 1376; x_wconf 85' lang='lat' dir='ltr'>legem</span> <span class='ocrx_word' id='word_1_122' title='bbox 649 1334 813 1362; x_wconf 88' lang='lat' dir='ltr'>novam</span> <span class='ocrx_word' id='word_1_123' title='bbox 848 1323 894 1363; x_wconf 88' lang='lat' dir='ltr'>in</span> <span class='ocrx_word' id='word_1_124' title='bbox 926 1323 1010 1366; x_wconf 79' lang='lat' dir='ltr'>ista</span> <span class='ocrx_word' id='word_1_125' title='bbox 1053 1327 1234 1369; x_wconf 70' lang='lat' dir='ltr'>ecciesia</span> <span class='ocrx_word' id='word_1_126' title='bbox 1272 1331 1444 1384; x_wconf 88' lang='lat' dir='ltr'>populo</span> <span class='ocrx_word' id='word_1_127' title='bbox 1485 1343 1613 1372; x_wconf 87' lang='lat' dir='ltr'>com-</span> 
     </span>
     <span class='ocr_line' id='line_1_19' title="bbox 283 1392 1610 1448; baseline 0.009 -17"><span class='ocrx_word' id='word_1_128' title='bbox 283 1392 496 1432; x_wconf 84' lang='lat' dir='ltr'>mendare</span> <span class='ocrx_word' id='word_1_129' title='bbox 527 1400 813 1448; x_wconf 86' lang='lat' dir='ltr'>veteremque</span> <span class='ocrx_word' id='word_1_130' title='bbox 853 1396 1095 1438; x_wconf 86' lang='lat' dir='ltr'>tollendam</span> <span class='ocrx_word' id='word_1_131' title='bbox 1135 1399 1396 1447; x_wconf 81' lang='lat' dir='ltr'>suadere¹¹)‚</span> <span class='ocrx_word' id='word_1_132' title='bbox 1439 1398 1503 1442; x_wconf 83' lang='lat' dir='ltr'>ita</span> <span class='ocrx_word' id='word_1_133' title='bbox 1540 1411 1610 1442; x_wconf 74' lang='lat' dir='ltr'>ta·</span> 
     </span>
    </p>
   </div>
   <div class='ocr_carea' id='block_1_4' title="bbox 279 1513 1612 1867">
    <p class='ocr_par' dir='ltr' id='par_1_4' title="bbox 279 1513 1612 1867">
     <span class='ocr_line' id='line_1_20' title="bbox 335 1513 1610 1570; baseline 0.009 -21"><span class='ocrx_word' id='word_1_134' title='bbox 335 1518 391 1560; x_wconf 82' lang='lat' dir='ltr'>n)</span> <span class='ocrx_word' id='word_1_135' title='bbox 418 1516 476 1551; x_wconf 85' lang='lat' dir='ltr'>Cf.</span> <span class='ocrx_word' id='word_1_136' title='bbox 503 1517 652 1567; x_wconf 67' lang='lat' dir='ltr'>Teylor.</span> <span class='ocrx_word' id='word_1_137' title='bbox 680 1515 727 1552; x_wconf 82' lang='lat' dir='ltr'>ad</span> <span class='ocrx_word' id='word_1_138' title='bbox 750 1513 787 1552; x_wconf 80' lang='lat' dir='ltr'>h.</span> <span class='ocrx_word' id='word_1_139' title='bbox 815 1519 839 1553; x_wconf 94' lang='lat'>1.</span> <span class='ocrx_word' id='word_1_140' title='bbox 867 1518 982 1555; x_wconf 88' lang='lat' dir='ltr'>Wolf.</span> <span class='ocrx_word' id='word_1_141' title='bbox 1010 1521 1035 1556; x_wconf 90' lang='lat'>1.</span> <span class='ocrx_word' id='word_1_142' title='bbox 1060 1523 1086 1556; x_wconf 90' lang='lat'>1.</span> <span class='ocrx_word' id='word_1_143' title='bbox 1124 1523 1188 1570; x_wconf 84' lang='lat' dir='ltr'>qui</span> <span class='ocrx_word' id='word_1_144' title='bbox 1223 1522 1495 1560; x_wconf 83' lang='lat' dir='ltr'>dubitationem</span> <span class='ocrx_word' id='word_1_145' title='bbox 1529 1537 1610 1561; x_wconf 87' lang='lat' dir='ltr'>mo-</span> 
     </span>
     <span class='ocr_line' id='line_1_21' title="bbox 284 1572 1612 1630; baseline 0.008 -21"><span class='ocrx_word' id='word_1_146' title='bbox 284 1581 368 1619; x_wconf 80' lang='lat' dir='ltr'>vet,</span> <span class='ocrx_word' id='word_1_147' title='bbox 398 1589 445 1611; x_wconf 87' lang='lat' dir='ltr'>an</span> <span class='ocrx_word' id='word_1_148' title='bbox 471 1577 624 1612; x_wconf 86' lang='lat' dir='ltr'>omnino</span> <span class='ocrx_word' id='word_1_149' title='bbox 651 1575 704 1612; x_wconf 83' lang='lat' dir='ltr'>ita</span> <span class='ocrx_word' id='word_1_150' title='bbox 728 1579 854 1614; x_wconf 83' lang='lat' dir='ltr'>locum</span> <span class='ocrx_word' id='word_1_151' title='bbox 878 1588 1006 1621; x_wconf 75' lang='lat' dir='ltr'>orator</span> <span class='ocrx_word' id='word_1_152' title='bbox 1030 1583 1110 1627; x_wconf 86' lang='lat' dir='ltr'>ipse</span> <span class='ocrx_word' id='word_1_153' title='bbox 1143 1572 1399 1630; x_wconf 84' lang='lat' dir='ltr'>consignarit,</span> <span class='ocrx_word' id='word_1_154' title='bbox 1436 1592 1477 1620; x_wconf 90' lang='lat' dir='ltr'>ut</span> <span class='ocrx_word' id='word_1_155' title='bbox 1509 1597 1612 1620; x_wconf 87' lang='lat' dir='ltr'>nunc</span> 
     </span>
     <span class='ocr_line' id='line_1_22' title="bbox 281 1639 1611 1692; baseline 0.005 -19"><span class='ocrx_word' id='word_1_156' title='bbox 281 1639 434 1684; x_wconf 84' lang='lat' dir='ltr'>legitur.</span> <span class='ocrx_word' id='word_1_157' title='bbox 486 1639 627 1684; x_wconf 86' lang='lat' dir='ltr'>Negari</span> <span class='ocrx_word' id='word_1_158' title='bbox 656 1639 810 1685; x_wconf 81' lang='lat' dir='ltr'>quidem</span> <span class='ocrx_word' id='word_1_159' title='bbox 834 1641 895 1675; x_wconf 85' lang='lat' dir='ltr'>vix</span> <span class='ocrx_word' id='word_1_160' title='bbox 918 1649 1054 1687; x_wconf 87' lang='lat' dir='ltr'>potest,</span> <span class='ocrx_word' id='word_1_161' title='bbox 1080 1656 1350 1690; x_wconf 84' lang='lat' dir='ltr'>nonnunquam</span> <span class='ocrx_word' id='word_1_162' title='bbox 1374 1645 1464 1680; x_wconf 86' lang='lat' dir='ltr'>istas</span> <span class='ocrx_word' id='word_1_163' title='bbox 1487 1646 1611 1692; x_wconf 80' lang='lat' dir='ltr'>puhli-</span> 
     </span>
     <span class='ocr_line' id='line_1_23' title="bbox 283 1699 1612 1750; baseline 0.007 -19"><span class='ocrx_word' id='word_1_164' title='bbox 283 1711 346 1733; x_wconf 78' lang='lat' dir='ltr'>cas</span> <span class='ocrx_word' id='word_1_165' title='bbox 371 1699 547 1742; x_wconf 78' lang='lat' dir='ltr'>litteras‚·</span> <span class='ocrx_word' id='word_1_166' title='bbox 565 1712 660 1746; x_wconf 82' lang='lat' dir='ltr'>quae</span> <span class='ocrx_word' id='word_1_167' title='bbox 684 1702 782 1745; x_wconf 79' lang='lat' dir='ltr'>apud</span> <span class='ocrx_word' id='word_1_168' title='bbox 809 1709 978 1737; x_wconf 83' lang='lat' dir='ltr'>oratores</span> <span class='ocrx_word' id='word_1_169' title='bbox 1005 1710 1171 1747; x_wconf 80' lang='lat' dir='ltr'>exstant,</span> <span class='ocrx_word' id='word_1_170' title='bbox 1198 1704 1464 1750; x_wconf 78' lang='lat' dir='ltr'>interpolatas,</span> <span class='ocrx_word' id='word_1_171' title='bbox 1497 1707 1612 1740; x_wconf 86' lang='lat' dir='ltr'>muti-</span> 
     </span>
     <span class='ocr_line' id='line_1_24' title="bbox 281 1760 1611 1811; baseline 0.005 -17"><span class='ocrx_word' id='word_1_172' title='bbox 281 1760 377 1794; x_wconf 82' lang='lat' dir='ltr'>latas</span> <span class='ocrx_word' id='word_1_173' title='bbox 412 1766 450 1794; x_wconf 88' lang='lat' dir='ltr'>et</span> <span class='ocrx_word' id='word_1_174' title='bbox 476 1768 670 1806; x_wconf 82' lang='lat' dir='ltr'>corruptas</span> <span class='ocrx_word' id='word_1_175' title='bbox 706 1763 846 1804; x_wconf 84' lang='lat' dir='ltr'>videri;</span> <span class='ocrx_word' id='word_1_176' title='bbox 882 1769 1011 1798; x_wconf 79' lang='lat' dir='ltr'>tamen</span> <span class='ocrx_word' id='word_1_177' title='bbox 1038 1771 1166 1799; x_wconf 86' lang='lat' dir='ltr'>nostro</span> <span class='ocrx_word' id='word_1_178' title='bbox 1202 1766 1287 1799; x_wconf 88' lang='lat' dir='ltr'>loco</span> <span class='ocrx_word' id='word_1_179' title='bbox 1314 1765 1492 1811; x_wconf 81' lang='lat' dir='ltr'>equidem</span> <span class='ocrx_word' id='word_1_180' title='bbox 1515 1765 1611 1800; x_wconf 80' lang='lat' dir='ltr'>nihi!</span> 
     </span>
     <span class='ocr_line' id='line_1_25' title="bbox 279 1819 1172 1867; baseline 0.004 -13"><span class='ocrx_word' id='word_1_181' title='bbox 279 1819 453 1863; x_wconf 86' lang='lat' dir='ltr'>invenio,</span> <span class='ocrx_word' id='word_1_182' title='bbox 479 1820 579 1866; x_wconf 84' lang='lat' dir='ltr'>quod</span> <span class='ocrx_word' id='word_1_183' title='bbox 604 1820 718 1856; x_wconf 82' lang='lat' dir='ltr'>talem</span> <span class='ocrx_word' id='word_1_184' title='bbox 742 1823 993 1867; x_wconf 85' lang='lat' dir='ltr'>suspicionem</span> <span class='ocrx_word' id='word_1_185' title='bbox 1017 1824 1172 1867; x_wconf 85' lang='lat' dir='ltr'>injiciat.</span> 
     </span>
    </p>
   </div>
   <div class='ocr_carea' id='block_1_5' title="bbox 279 1889 1616 2240">
    <p class='ocr_par' dir='ltr' id='par_1_5' title="bbox 279 1889 1616 2240">
     <span class='ocr_line' id='line_1_26' title="bbox 331 1889 1614 1940; baseline 0.005 -16"><span class='ocrx_word' id='word_1_186' title='bbox 331 1891 387 1934; x_wconf 90' lang='lat'>12)</span> <span class='ocrx_word' id='word_1_187' title='bbox 413 1889 691 1924; x_wconf 86' lang='lat' dir='ltr'>Demosthenes</span> <span class='ocrx_word' id='word_1_188' title='bbox 717 1890 821 1936; x_wconf 85' lang='lat' dir='ltr'>ipse,</span> <span class='ocrx_word' id='word_1_189' title='bbox 855 1904 892 1937; x_wconf 88' lang='lat' dir='ltr'>p.</span> <span class='ocrx_word' id='word_1_190' title='bbox 929 1906 1007 1940; x_wconf 85' lang='lat'>707.</span> <span class='ocrx_word' id='word_1_191' title='bbox 1042 1893 1140 1927; x_wconf 83' lang='lat' dir='ltr'>hanc</span> <span class='ocrx_word' id='word_1_192' title='bbox 1171 1893 1462 1938; x_wconf 77' lang='lat' dir='ltr'>epricationem</span> <span class='ocrx_word' id='word_1_193' title='bbox 1500 1896 1614 1938; x_wconf 87' lang='lat' dir='ltr'>subji-</span> 
     </span>
     <span class='ocr_line' id='line_1_27' title="bbox 282 1949 1616 2001; baseline 0.006 -17"><span class='ocrx_word' id='word_1_194' title='bbox 282 1950 354 1984; x_wconf 89' lang='lat' dir='ltr'>cit:</span> <span class='ocrx_word' id='word_1_195' title='bbox 380 1955 443 1985; x_wconf 82' lang='grc' dir='ltr'>καὶ</span> <span class='ocrx_word' id='word_1_196' title='bbox 469 1951 621 1996; x_wconf 78' lang='grc' dir='ltr'><em>πρῶτον</em></span> <span class='ocrx_word' id='word_1_197' title='bbox 643 1951 711 1996; x_wconf 70' lang='grc' dir='ltr'>μὲν</span> <span class='ocrx_word' id='word_1_198' title='bbox 735 1949 792 1998; x_wconf 73' lang='grc' dir='ltr'>ἐφ’</span> <span class='ocrx_word' id='word_1_199' title='bbox 814 1951 904 1997; x_wconf 66' lang='grc' dir='ltr'>ὑμῖν</span> <span class='ocrx_word' id='word_1_200' title='bbox 926 1953 1102 1998; x_wconf 74' lang='grc' dir='ltr'><em>ἐποίησαν</em></span> <span class='ocrx_word' id='word_1_201' title='bbox 1125 1952 1428 2000; x_wconf 76' lang='grc' dir='ltr'><em>διαχειροτονίαν,</em></span> <span class='ocrx_word' id='word_1_202' title='bbox 1455 1952 1616 2001; x_wconf 73' lang='grc' dir='ltr'><em>πότερον</em></span> 
     </span>
     <span class='ocr_line' id='line_1_28' title="bbox 281 2008 1613 2061; baseline 0.003 -15"><span class='ocrx_word' id='word_1_203' title='bbox 281 2008 476 2048; x_wconf 76' lang='grc' dir='ltr'><strong><em>εἰσοιστέος</em></strong></span> <span class='ocrx_word' id='word_1_204' title='bbox 507 2012 582 2048; x_wconf 72' lang='grc' dir='ltr'>ἐστὶ</span> <span class='ocrx_word' id='word_1_205' title='bbox 615 2011 727 2059; x_wconf 68' lang='grc' dir='ltr'><em>νόμος</em></span> <span class='ocrx_word' id='word_1_206' title='bbox 765 2013 908 2055; x_wconf 72' lang='grc' dir='ltr'>καινός,</span> <span class='ocrx_word' id='word_1_207' title='bbox 949 2011 972 2057; x_wconf 76' lang='grc' dir='ltr'><strong><em>ἢ</em></strong></span> <span class='ocrx_word' id='word_1_208' title='bbox 1003 2011 1171 2049; x_wconf 73' lang='grc' dir='ltr'><em>δοκοῦσιν</em></span> <span class='ocrx_word' id='word_1_209' title='bbox 1213 2011 1339 2061; x_wconf 79' lang='grc' dir='ltr'><em>οἷρκεῖν</em></span> <span class='ocrx_word' id='word_1_210' title='bbox 1373 2013 1414 2052; x_wconf 73' lang='grc' dir='ltr'><em>οἱ</em></span> <span class='ocrx_word' id='word_1_211' title='bbox 1442 2017 1613 2059; x_wconf 73' lang='grc' dir='ltr'><em>κείμενοι.</em></span> 
     </span>
     <span class='ocr_line' id='line_1_29' title="bbox 281 2070 1613 2120; baseline 0.002 -17"><span class='ocrx_word' id='word_1_212' title='bbox 281 2070 475 2104; x_wconf 85' lang='lat' dir='ltr'>Iudicihus</span> <span class='ocrx_word' id='word_1_213' title='bbox 499 2072 655 2116; x_wconf 83' lang='lat' dir='ltr'>tribuit,</span> <span class='ocrx_word' id='word_1_214' title='bbox 684 2075 784 2120; x_wconf 82' lang='lat' dir='ltr'>quod</span> <span class='ocrx_word' id='word_1_215' title='bbox 809 2074 976 2109; x_wconf 85' lang='lat' dir='ltr'>universi</span> <span class='ocrx_word' id='word_1_216' title='bbox 1000 2074 1132 2119; x_wconf 87' lang='lat' dir='ltr'>populi</span> <span class='ocrx_word' id='word_1_217' title='bbox 1156 2080 1234 2117; x_wconf 84' lang='lat' dir='ltr'>est,</span> <span class='ocrx_word' id='word_1_218' title='bbox 1271 2080 1453 2119; x_wconf 83' lang='lat' dir='ltr'>quatenus</span> <span class='ocrx_word' id='word_1_219' title='bbox 1479 2079 1525 2108; x_wconf 63' lang='lat' dir='ltr'>et&gt;</span> <span class='ocrx_word' id='word_1_220' title='bbox 1540 2073 1613 2118; x_wconf 82' lang='lat' dir='ltr'>ipsi</span> 
     </span>
     <span class='ocr_line' id='line_1_30' title="bbox 279 2132 1609 2180; baseline 0.003 -18"><span class='ocrx_word' id='word_1_221' title='bbox 279 2141 365 2175; x_wconf 84' lang='lat' dir='ltr'>pars</span> <span class='ocrx_word' id='word_1_222' title='bbox 393 2132 576 2176; x_wconf 77' lang='lat' dir='ltr'>quaedam</span> <span class='ocrx_word' id='word_1_223' title='bbox 604 2134 736 2178; x_wconf 87' lang='lat' dir='ltr'>populi</span> <span class='ocrx_word' id='word_1_224' title='bbox 761 2142 847 2170; x_wconf 86' lang='lat' dir='ltr'>sunt</span> <span class='ocrx_word' id='word_1_225' title='bbox 862 2161 871 2178; x_wconf 94' lang='lat'>,</span> <span class='ocrx_word' id='word_1_226' title='bbox 895 2134 1204 2180; x_wconf 85' lang='lat' dir='ltr'>frequentissima</span> <span class='ocrx_word' id='word_1_227' title='bbox 1229 2139 1426 2168; x_wconf 75' lang='lat' dir='ltr'>oratorum</span> <span class='ocrx_word' id='word_1_228' title='bbox 1450 2142 1609 2166; x_wconf 84' lang='lat' dir='ltr'>consue-</span> 
     </span>
     <span class='ocr_line' id='line_1_31' title="bbox 280 2190 962 2240; baseline 0.012 -18"><span class='ocrx_word' id='word_1_229' title='bbox 280 2190 426 2224; x_wconf 83' lang='lat' dir='ltr'>tudine.</span> <span class='ocrx_word' id='word_1_230' title='bbox 456 2193 504 2227; x_wconf 85' lang='lat' dir='ltr'>cf.</span> <span class='ocrx_word' id='word_1_231' title='bbox 532 2195 648 2229; x_wconf 83' lang='lat' dir='ltr'>Wolf.</span> <span class='ocrx_word' id='word_1_232' title='bbox 675 2196 701 2230; x_wconf 85' lang='lat'>1.</span> <span class='ocrx_word' id='word_1_233' title='bbox 728 2196 753 2230; x_wconf 91' lang='lat'>1.</span> <span class='ocrx_word' id='word_1_234' title='bbox 779 2202 857 2230; x_wconf 89' lang='lat' dir='ltr'>not.</span> <span class='ocrx_word' id='word_1_235' title='bbox 887 2207 962 2240; x_wconf 81' lang='lat'><strong>1²3·</strong></span> 
     </span>
    </p>
   </div>
   <div class='ocr_carea' id='block_1_6' title="bbox 276 2257 1640 2670">
    <p class='ocr_par' dir='ltr' id='par_1_6' title="bbox 276 2257 1640 2670">
     <span class='ocr_line' id='line_1_32' title="bbox 329 2257 1640 2310; baseline 0 -14"><span class='ocrx_word' id='word_1_236' title='bbox 329 2263 385 2303; x_wconf 84' lang='lat'>15)</span> <span class='ocrx_word' id='word_1_237' title='bbox 432 2261 474 2294; x_wconf 88' lang='lat' dir='ltr'>Id</span> <span class='ocrx_word' id='word_1_238' title='bbox 507 2264 565 2296; x_wconf 86' lang='lat' dir='ltr'>vel</span> <span class='ocrx_word' id='word_1_239' title='bbox 608 2264 688 2298; x_wconf 82' lang='lat' dir='ltr'>sola</span> <span class='ocrx_word' id='word_1_240' title='bbox 729 2264 824 2310; x_wconf 82' lang='lat' dir='ltr'>legis</span> <span class='ocrx_word' id='word_1_241' title='bbox 863 2265 977 2298; x_wconf 80' lang='lat' dir='ltr'>verba</span> <span class='ocrx_word' id='word_1_242' title='bbox 1019 2264 1298 2299; x_wconf 78' lang='lat' dir='ltr'>demonstrant:</span> <span class='ocrx_word' id='word_1_243' title='bbox 1335 2260 1358 2299; x_wconf 75' lang='lat' dir='ltr'>ot</span> <span class='ocrx_word' id='word_1_244' title='bbox 1387 2257 1610 2307; x_wconf 73' lang='grc' dir='ltr'><em>βουλόμενος</em></span> <span class='ocrx_word' id='word_1_245' title='bbox 1631 2292 1640 2294; x_wconf 70' lang='grc'>,</span> 
     </span>
     <span class='ocr_line' id='line_1_33' title="bbox 279 2315 1610 2370; baseline 0 -15"><span class='ocrx_word' id='word_1_246' title='bbox 279 2315 495 2363; x_wconf 72' lang='grc' dir='ltr'>Ἀθηναίων</span> <span class='ocrx_word' id='word_1_247' title='bbox 519 2329 753 2369; x_wconf 70' lang='grc' dir='ltr'><em>νομοθετεῖν,</em></span> <span class='ocrx_word' id='word_1_248' title='bbox 778 2326 972 2362; x_wconf 71' lang='grc' dir='ltr'><strong><em>ἐκτιθέτω·</em></strong></span> <span class='ocrx_word' id='word_1_249' title='bbox 999 2323 1084 2361; x_wconf 68' lang='grc' dir='ltr'>τούς</span> <span class='ocrx_word' id='word_1_250' title='bbox 1105 2321 1250 2370; x_wconf 80' lang='grc' dir='ltr'><em>νόμους,</em></span> <span class='ocrx_word' id='word_1_251' title='bbox 1275 2330 1312 2358; x_wconf 88' lang='lat' dir='ltr'>et</span> <span class='ocrx_word' id='word_1_252' title='bbox 1336 2321 1610 2358; x_wconf 76' lang='lat' dir='ltr'>Demosthenis</span> 
     </span>
     <span class='ocr_line' id='line_1_34' title="bbox 280 2379 1607 2433; baseline 0.001 -19"><span class='ocrx_word' id='word_1_253' title='bbox 280 2379 408 2424; x_wconf 80' lang='lat' dir='ltr'>legem</span> <span class='ocrx_word' id='word_1_254' title='bbox 434 2384 672 2427; x_wconf 75' lang='lat' dir='ltr'>explicantis:</span> <span class='ocrx_word' id='word_1_255' title='bbox 699 2385 932 2433; x_wconf 78' lang='grc' dir='ltr'><em>προσέταξαν</em></span> <span class='ocrx_word' id='word_1_256' title='bbox 951 2387 1028 2420; x_wconf 71' lang='grc' dir='ltr'><em>τοῖς</em></span> <span class='ocrx_word' id='word_1_257' title='bbox 1040 2383 1278 2429; x_wconf 67' lang='grc' dir='ltr'><em>βουλομένοις</em></span> <span class='ocrx_word' id='word_1_258' title='bbox 1293 2380 1468 2429; x_wconf 68' lang='grc' dir='ltr'><em>εἰσφέρειν</em></span> <span class='ocrx_word' id='word_1_259' title='bbox 1480 2396 1512 2417; x_wconf 69' lang='grc' dir='ltr'>κ.</span> <span class='ocrx_word' id='word_1_260' title='bbox 1526 2380 1607 2416; x_wconf 58' lang='grc' dir='ltr'>ιλ.</span> 
     </span>
     <span class='ocr_line' id='line_1_35' title="bbox 279 2441 1608 2490; baseline 0.001 -16"><span class='ocrx_word' id='word_1_261' title='bbox 279 2451 405 2486; x_wconf 85' lang='lat' dir='ltr'>neque</span> <span class='ocrx_word' id='word_1_262' title='bbox 429 2453 570 2487; x_wconf 81' lang='lat' dir='ltr'>negare</span> <span class='ocrx_word' id='word_1_263' title='bbox 595 2444 754 2479; x_wconf 85' lang='lat' dir='ltr'>debebat</span> <span class='ocrx_word' id='word_1_264' title='bbox 770 2446 925 2487; x_wconf 86' lang='lat' dir='ltr'>Petitus,</span> <span class='ocrx_word' id='word_1_265' title='bbox 952 2445 1068 2490; x_wconf 85' lang='lat' dir='ltr'>Legg.</span> <span class='ocrx_word' id='word_1_266' title='bbox 1090 2445 1166 2477; x_wconf 81' lang='lat' dir='ltr'>Att.</span> <span class='ocrx_word' id='word_1_267' title='bbox 1193 2455 1228 2488; x_wconf 91' lang='lat' dir='ltr'>p.</span> <span class='ocrx_word' id='word_1_268' title='bbox 1261 2455 1334 2489; x_wconf 85' lang='lat'>¹73-</span> <span class='ocrx_word' id='word_1_269' title='bbox 1385 2444 1481 2476; x_wconf 80' lang='lat' dir='ltr'>Nam</span> <span class='ocrx_word' id='word_1_270' title='bbox 1507 2441 1608 2488; x_wconf 80' lang='lat' dir='ltr'>quod</span> 
     </span>
     <span class='ocr_line' id='line_1_36' title="bbox 277 2500 1605 2551; baseline 0.002 -16"><span class='ocrx_word' id='word_1_271' title='bbox 277 2500 515 2536; x_wconf 80' lang='lat' dir='ltr'>Scholiasten</span> <span class='ocrx_word' id='word_1_272' title='bbox 539 2505 586 2538; x_wconf 80' lang='lat' dir='ltr'>ad</span> <span class='ocrx_word' id='word_1_273' title='bbox 611 2505 802 2551; x_wconf 85' lang='lat' dir='ltr'>Aristoph.</span> <span class='ocrx_word' id='word_1_274' title='bbox 830 2506 938 2550; x_wconf 85' lang='lat' dir='ltr'>Vesp.</span> <span class='ocrx_word' id='word_1_275' title='bbox 977 2518 1010 2539; x_wconf 84' lang='lat' dir='ltr'>v.</span> <span class='ocrx_word' id='word_1_276' title='bbox 1046 2516 1123 2551; x_wconf 80' lang='lat'><em>772.</em></span> <span class='ocrx_word' id='word_1_277' title='bbox 1160 2502 1273 2548; x_wconf 78' lang='grc' dir='ltr'><em>(εἶχον</em></span> <span class='ocrx_word' id='word_1_278' title='bbox 1306 2501 1345 2538; x_wconf 77' lang='grc' dir='ltr'>δὲ</span> <span class='ocrx_word' id='word_1_279' title='bbox 1374 2507 1435 2539; x_wconf 76' lang='grc' dir='ltr'>καὶ</span> <span class='ocrx_word' id='word_1_280' title='bbox 1473 2501 1605 2546; x_wconf 70' lang='grc' dir='ltr'><strong><em>ἑκάστη</em></strong></span> 
     </span>
     <span class='ocr_line' id='line_1_37' title="bbox 281 2558 1608 2616; baseline 0.002 -19"><span class='ocrx_word' id='word_1_281' title='bbox 281 2558 379 2604; x_wconf 65' lang='grc' dir='ltr'>φυλή</span> <span class='ocrx_word' id='word_1_282' title='bbox 402 2559 466 2597; x_wconf 76' lang='grc' dir='ltr'>ἕνα</span> <span class='ocrx_word' id='word_1_283' title='bbox 492 2566 730 2610; x_wconf 77' lang='grc' dir='ltr'><em>Θισμοθέτην</em></span> <span class='ocrx_word' id='word_1_284' title='bbox 755 2569 815 2601; x_wconf 81' lang='grc' dir='ltr'>καὶ</span> <span class='ocrx_word' id='word_1_285' title='bbox 839 2568 1080 2612; x_wconf 71' lang='grc' dir='ltr'><strong><em>γραμματέα,</em></strong></span> <span class='ocrx_word' id='word_1_286' title='bbox 1105 2560 1155 2599; x_wconf 73' lang='grc' dir='ltr'>εἷς</span> <span class='ocrx_word' id='word_1_287' title='bbox 1179 2560 1223 2598; x_wconf 65' lang='lat' dir='ltr'>to*</span> <span class='ocrx_word' id='word_1_288' title='bbox 1248 2561 1333 2600; x_wconf 73' lang='grc' dir='ltr'><em>τοιῖς</em></span> <span class='ocrx_word' id='word_1_289' title='bbox 1353 2561 1486 2616; x_wconf 71' lang='grc' dir='ltr'><em>νᾷμους</em></span> <span class='ocrx_word' id='word_1_290' title='bbox 1509 2560 1608 2606; x_wconf 60' lang='lat' dir='ltr'>sion-¹</span> 
     </span>
     <span class='ocr_line' id='line_1_38' title="bbox 276 2620 1604 2670; baseline -0.002 -13"><span class='ocrx_word' id='word_1_291' title='bbox 276 2622 455 2668; x_wconf 73' lang='grc' dir='ltr'><em>γεῖσθαι,)</em></span> <span class='ocrx_word' id='word_1_292' title='bbox 481 2623 642 2669; x_wconf 82' lang='lat' dir='ltr'>probare</span> <span class='ocrx_word' id='word_1_293' title='bbox 666 2631 794 2670; x_wconf 77' lang='lat' dir='ltr'>putat,</span> <span class='ocrx_word' id='word_1_294' title='bbox 820 2624 956 2660; x_wconf 88' lang='lat' dir='ltr'>decem</span> <span class='ocrx_word' id='word_1_295' title='bbox 981 2624 1079 2660; x_wconf 83' lang='lat' dir='ltr'>viros</span> <span class='ocrx_word' id='word_1_296' title='bbox 1105 2624 1248 2660; x_wconf 85' lang='lat' dir='ltr'>electos</span> <span class='ocrx_word' id='word_1_297' title='bbox 1272 2634 1376 2667; x_wconf 88' lang='lat' dir='ltr'>esse,</span> <span class='ocrx_word' id='word_1_298' title='bbox 1402 2633 1424 2658; x_wconf 88' lang='lat' dir='ltr'>e</span> <span class='ocrx_word' id='word_1_299' title='bbox 1447 2620 1604 2668; x_wconf 77' lang='lat' dir='ltr'>singulis</span> 
     </span>
    </p>
   </div>
  </div>
 </body>
</html>
