1706 3058
1381 158 1448 184 vu

110 251 271 307 fabulis
294 263 451 292 verum
474 256 611 295 eruat,
633 248 771 288 sedut
792 246 955 288 fabulis
972 245 1069 288 veri
1093 251 1317 303 quandam
1340 264 1442 305 spe-

108 321 226 364 ciem
244 322 421 368 induat,
455 330 498 360 et
519 317 680 360 Thesei
705 316 946 359 Romulive
966 332 1032 358 res
1053 329 1196 373 gestas
1218 321 1335 361 haud
1355 320 1440 361 ali-

105 404 174 436 ter
195 408 244 434 ac
265 390 446 435 Periclis
467 401 543 431 aut
564 388 793 431 Ciceronis
818 390 988 431 referat.

190 461 440 506 Permansit
464 472 611 502 autem
643 459 828 502 Athenis
866 459 941 501 ille
967 474 1113 502 rerum
1139 472 1276 504 status
1300 461 1436 504 etiam

103 546 208 594 post
230 532 366 578 Codri
392 532 507 589 regis
537 542 731 573 mortem
753 531 1082 580 voluntariam,
1116 537 1242 584 cuj-us
1273 534 1434 574 honori

101 607 255 654 datum
278 614 341 645 est
361 605 413 644 ab
436 601 805 652 Atheniensibus,
827 612 877 642 ut
895 617 1027 643 nemo
1049 602 1096 643 in
1121 615 1348 658 posterum
1370 619 1435 644 re-

101 676 176 733 gio
197 676 377 718 nomine
400 674 648 729 imperaret.
701 674 806 714 Inde
826 687 1045 714 summam
1070 689 1217 713 rernm
1243 674 1433 715 admini-

99 749 295 789 strabant
314 745 477 803 singuli
509 748 753 787 Archontes
776 760 827 786 ex
851 760 937 786 una
968 744 1263 787 Codridarum
1287 755 1431 800 gente,

99 829 339 874 perpetuo,
372 819 518 873 quoad
549 816 778 865 viverent,
812 826 855 856 et
885 814 1183 856 haereditario
1209 815 1433 873 magistra-

100 901 152 930 tu
175 887 342 937 functi;
375 889 505 935 dum,
539 901 760 928 annorum
781 888 987 929 CCCXVI
1011 887 1245 926 intervaHO
1276 888 1433 927 decen·

99 961 198 1002 nale
218 974 267 999 ex
287 969 498 1013 perpetuo
519 959 689 998 factum
711 967 776 998 est
798 955 1041 1012 imperium
1056 986 1067 1004 ,
1101 955 1161 998 ita
1183 966 1347 1004 tamen,
1379 967 1433 1000 ut

98 1031 218 1086 apud
252 1028 548 1071 Codridarum
585 1039 768 1083 gentem
811 1038 1075 1068 remaneret.
1150 1029 1233 1069 Sed
1278 1037 1433 1082 postea

97 1111 278 1158 propter
299 1098 594 1154 Hippomenis
619 1098 927 1140 crudelitatem
948 1098 1017 1139 illi
1045 1098 1170 1154 genti
1203 1100 1432 1139 ademtam

97 1181 142 1212 et
163 1168 210 1209 in
225 1179 393 1210 ceteros
417 1167 679 1224 Eupatridas
699 1171 961 1212 translatum
993 1182 1058 1212 est
1072 1172 1133 1223 *).
1183 1173 1320 1212 Erant
1348 1184 1432 1210 au-

96 1252 186 1282 tem
211 1241 454 1280 Archontes
484 1250 703 1294 potestate
737 1256 877 1297 paene
906 1242 1025 1298 regia
1038 1244 1133 1297 **),
1167 1241 1242 1283 sed
1265 1240 1429 1282 rationi

92 1311 338 1357 reddendae
371 1310 703 1369 adstricti***),
745 1326 856 1367 quae
891 1323 1043 1353 tamen
1090 1313 1315 1369 quomodo
1356 1326 1430 1354 re·-

93 1382 234 1440 petita
265 1381 348 1429 sit,
387 1395 477 1422 non
503 1383 643 1435 magis
675 1381 863 1431 scimus,
906 1398 1037 1439 quam
1067 1385 1296 1440 quomodo
1328 1382 1427 1439 ipsi,

91 1465 328 1512 postquam
368 1452 651 1509 magistratus
695 1469 850 1495 eorum
886 1454 1184 1497 hereditarius
1225 1469 1318 1495 esse
1355 1455 1428 1495 de-

91 1525 247 1574 sierat,
277 1523 413 1565 creati
453 1522 568 1576 sint3
608 1524 692 1566 nisi
734 1525 783 1566 id
824 1525 1008 1581 quidem
1049 1525 1261 1567 affirmari
1297 1539 1426 1581 posse

92 1596 293 1642 videtur,
357 1609 449 1634 uon
495 1594 657 1649 populi
705 1595 908 1637 universi
925 1627 936 1644 ‚
998 1598 1074 1637 sed
1127 1595 1423 1652 patriciorum

92 1677 269 1709 tantum
299 1663 519 1719 suffragiis
555 1675 725 1705 creatos
756 1679 860 1707 esse.
883 1690 941 1698 —-
996 1669 1226 1707 Postremo
1256 1678 1420 1714 autem,

92 1740 163 1781 01.
192 1737 338 1778 XXIV.
370 1734 410 1776 4.
443 1734 604 1787 iterum
636 1733 873 1776 immutata
907 1746 971 1777 est
988 1738 1119 1788 hujus
1140 1737 1420 1793 magistratus

91 1808 221 1856 ratio,
237 1818 280 1848 et
293 1804 430 1846 annui
444 1806 683 1846 Archontes
698 1805 866 1847 noveni
884 1822 908 1848 e
921 1807 1126 1863 patriciis
1140 1807 1272 1848 creati
1285 1807 1420 1863 *ss**),

88 1885 154 1925 Ita
178 1890 222 1921 et
255 1889 454 1933 tempore
489 1876 782 1918 contractiore
824 1889 867 1918 et
898 1894 1084 1920 numero
1120 1877 1418 1934 multiplicato

88 1950 327 1993 imminuta
347 1947 530 2005 quidem
551 1949 902 1992 estArchontum
920 1961 1114 2010 potestas
1137 1961 1181 1993 et
1199 1949 1247 1993 in
1263 1963 1416 1993 omnes

135 2104 170 2146 ²¹¹)
195 2115 230 2136 v.
251 2099 352 2134 Suid.
370 2110 398 2135 s,
418 2111 454 2132 v.
476 2096 700 2144 Ἱππομένης
722 2105 761 2134 et
779 2097 869 2148 παρ’
886 2100 1006 2136 ἵππον
1023 2104 1083 2136 καὶ
1103 2097 1229 2146 κόρην.
1262 2099 1414 2144 'raylon

180 2161 228 2196 ad
244 2159 417 2195 Aeschin.
446 2159 486 2192 in
507 2159 699 2194 Timarch.
720 2173 757 2206 p.
784 2162 860 2207 176.
879 2162 1068 2199 Heraclid.
1100 2160 1244 2194 Pontic.
1266 2172 1297 2195 1.

132 2231 186 2277 **)
215 2229 323 2264 Unde
342 2235 380 2263 et
398 2228 470 2274 ipsi
485 2226 690 2274 βασιλείαν
721 2230 909 2266 dicun-tur.
943 2244 976 2266 v.
1001 2231 1162 2267 Perizon
1189 2229 1236 2263 ad
1263 2230 1413 2267 Aeliau,

177 2293 222 2326 v.
246 2293 292 2325 H.
313 2292 355 2324 v.
381 2302 432 2335 13.

135 2361 207 2404 ***)
233 2362 391 2395 Pausan.
410 2360 577 2393 Nsessen.
599 2371 630 2393 c.
653 2370 685 2404 5.
710 2360 742 2404 §.
767 2372 801 2405 4..
821 2359 903 2395 τούς
930 2356 1162 2395 Μεδοντίδας
1178 2356 1371 2405 α’φείλοντο
1390 2377 1414 2388 -

178 2420 243 2465 τῆς
261 2420 422 2463 ἐξουσίας
441 2418 484 2454 τό
503 2418 598 2454 πολι)
618 2424 679 2454 καὶ
691 2415 775 2455 ivri
793 2419 980 2465 βασιλείας
989 2421 1212 2464 μετέστησαν
1229 2416 1278 2456 εἷς
1298 2416 1414 2463 α’ρχὴν

177 2478 402 2518 ὖπεῦθυνον,
432 2478 672 2513 Medontidas
700 2486 826 2517 autem
858 2486 900 2515 et
925 2479 1105 2516 Codrxdas
1135 2479 1290 2516 eosdem
1316 2489 1412 2519 esse,

180 2546 314 2573 notum
335 2547 404 2575 est.

134 2607 225 2650 ****)
250 2607 450 2656 ’Ἄρχοντες
474 2608 691 2649 &camuros
720 2606 910 2659 ἦρέ-θησαν
935 2609 974 2655 ἐξ
1001 2606 1240 2656 ῡιῖπατριδιῖΐν.
1274 2605 1410 2644 Euseh.

185 2668 326 2705 Clu-on.
351 2680 388 2717 p.
419 2680 495 2718 155·
