1706 3058
202 143 279 186 190

286 235 439 281 Nunc,
482 246 572 288 quo
610 233 718 272 haec
757 226 910 270 omnia
939 226 1082 285 magis
1110 226 1417 278 illustrentur,
1455 227 1531 269 in-

200 306 343 364 signia
377 306 593 360 quaedam
626 306 884 359 εἰσαγγελιῶν
905 301 1104 356 exempla
1133 314 1156 341 e
1179 298 1402 340 veteribus
1424 298 1531 355 ipsis

199 376 492 432 scriptoribus
533 372 821 430 proponenda
852 386 945 413 csse
984 369 1270 421 vitlentur⁵⁶).
1337 371 1399 411 Ac
1437 368 1534 426 pri-

200 463 326 491 mum
357 446 416 488 sit
459 445 712 500 exemplum
755 441 1028 491 Alcibiadis,
1072 440 1149 498 qui
1193 442 1532 498 profanatorum

201 516 518 573 mysteriorum
560 525 787 556 aecusatus
822 524 890 554 cst
919 528 997 568 per
1031 517 1280 571 εἰσαγγελίαν
1311 514 1364 554 ad
1397 514 1534 555 Sena-

202 602 311 632 tum.
374 592 486 630 Rem
517 586 584 627 his
615 584 765 626 verbis
795 595 941 626 narrat
960 587 1183 639 Isocrates,
1215 584 1263 626 in
1296 599 1369 639 ea,
1400 595 1536 639 quam

202 658 443 703 Alcibiadis
476 657 567 698 filio
602 655 888 712 conscripsit,
920 655 1122 696 oratione
1155 658 1208 696 de
1238 655 1377 712 bigis:
1412 654 1536 698 Εἰδό-

203 751 267 783 τες
296 733 338 775 δὲ
369 733 433 784 (οἱ
469 735 544 772 τοῦ
585 726 736 782 πατρὸς
777 729 937 782 ἐχθροὶ)
975 727 1050 780 τὴν
1080 726 1200 769 πόλιν
1231 733 1311 770 τῶν
1342 728 1414 781 μὲν
1443 727 1538 781 περὶ

202 806 299 854 τούς
327 803 458 852 θεοὺς
490 797 640 856 μάλιστ’
672 798 722 840 ἂν
753 795 1035 853 ὀργισθεῖσαν,
1069 801 1108 840 εἴ
1133 816 1193 848 τις
1223 800 1280 849 εἷς
1309 798 1358 841 τὰ
1387 797 1538 853 μυστή-

203 894 273 933 ρια
304 878 494 928 φαίνοιτο
526 868 822 925 ἐξαμαρτάνων,
854 875 936 911 τῶν
967 868 1003 912 ‹5’
1035 869 1190 922 ἄλλων,
1223 872 1261 912 εἲ
1288 887 1348 920 τις
1375 869 1538 928 τολμῴη

202 946 276 990 τὸν
308 950 441 999 δῆμον
480 943 718 993 καταλύειν,
760 939 998 997 ἀμφοτέρας
1034 941 1182 992 ταύτας
1219 943 1438 990 συνθέντες
1467 939 1539 990 τὰς

203 1021 355 1068 αἰτίας,
401 1015 654 1071 εἰσήγγελλον
696 1017 753 1063 εἰς
781 1016 855 1067 τήν
887 1011 1065 1068 βουλὴν,
1107 1015 1289 1069 λέγοντες
1327 1011 1382 1064 ὦς
1413 1006 1434 1056 ὃ
1463 1030 1540 1055 πα-

203 1088 280 1144 τὴρ
313 1085 481 1141 συνάγει
524 1086 599 1141 μὲν
639 1085 713 1139 τὴν
751 1086 928 1141 ἑταιρίαν
959 1086 1024 1127 ἐπὶ
1051 1086 1265 1138 νεωτέροις
1293 1084 1540 1140 πράγμασιν,

209 1153 325 1203 οὗτοι
355 1159 398 1202 δὲ
427 1159 469 1200 ἐν
500 1163 552 1215 τῇ
585 1160 850 1206 Πολυτίωνος
879 1159 990 1212 οἰκίᾳ
1022 1159 1362 1207 συνδειπνοῦντες
1390 1157 1437 1200 τὰ
1467 1175 1540 1211 μυ-

207 1231 354 1287 στήρια
383 1228 666 1282 ποιήσειενᾞ.
727 1230 830 1268 Duo
863 1226 1001 1281 igitur
1039 1237 1163 1267 erant
1193 1226 1396 1275 crimina,
1430 1240 1541 1282 quo-

207 1318 309 1344 rum
341 1300 628 1357 insimulatus
659 1309 724 1339 est
755 1298 1027 1345 Alcibiades;
1060 1299 1270 1346 alterum,
1309 1299 1430 1355 quod
1466 1312 1541 1340 so-

208 1373 437 1416 dalitatem
468 1368 760 1412 contraxisset
790 1370 847 1410 ad
877 1370 1169 1410 evertendum
1200 1380 1365 1410 statum
1396 1383 1542 1426 popu·

207 1446 370 1491 larem,
404 1446 530 1494 cujus
562 1439 766 1482 criminis
799 1439 1068 1481 ordinariam
1089 1440 1418 1482 accusationem
1447 1459 1543 1498 γρα-

207 1515 296 1570 φήν
325 1515 445 1571 apud
475 1513 814 1554 Thesmothetas
845 1510 999 1559 fuisse,
1031 1526 1164 1568 supra
1196 1527 1220 1554 e
1239 1514 1543 1555 Demosthene

212 1705 267 1738 13.
295 1693 390 1738 §.1.
416 1704 485 1738 pro
511 1703 579 1735 eo,
607 1692 709 1738 quod
731 1692 771 1725 in
795 1692 1069 1738 antiquioribus
1095 1692 1324 1727 editionibus
1348 1693 1545 1738 vulgatum

211 1760 313 1788 erat:
342 1750 366 1797 ἢ
385 1753 481 1799 πρός
497 1751 582 1790 τούς
599 1754 782 1798 ’πολέμους
798 1749 833 1787 α’.
857 1767 891 1787 τ.
907 1764 947 1788 π.
969 1749 1228 1796 ἀπελθόντων,
1254 1752 1458 1798 legendum
1476 1763 1546 1797 pu-

208 1820 285 1848 tat:
311 1812 337 1858 ἣ
352 1813 427 1848 τοῖν
443 1813 511 1848 τοῦ·
535 1812 699 1858 πολέμου
726 1833 772 1838 -
796 1810 931 1848 dmm.
967 1813 1143 1858 (debebat
1168 1825 1257 1848 sane
1281 1812 1320 1849 ἐκ
1350 1811 1419 1848 τοῦ
1440 1811 1542 1856 πολ.)

211 1886 290 1909 nou
316 1885 408 1918 opus
443 1878 522 1914 est,
557 1873 724 1917 moneri,
759 1880 898 1919 quanto
933 1874 1073 1907 melior
1104 1880 1142 1908 et
1174 1873 1318 1908 certior
1342 1875 1391 1907 sit
1415 1883 1546 1906 emen-

215 1935 338 1977 datio,
364 1932 448 1969 τούς
471 1933 690 1979 πολεμίους,
727 1945 748 1967 a
773 1934 1053 1980 Jungermanno
1080 1941 1119 1968 et
1143 1934 1293 1968 Kuhnio
1318 1934 1478 1979 prolata,
1504 1940 1546 1968 et

214 1995 329 2031 Mstis
371 1994 537 2039 probata.
589 1993 759 2039 Capitale
783 1995 878 2029 illud
911 1996 1057 2030 crimen
1089 1996 1228 2038 fuisse,
1263 1995 1544 2030 Demosthenes

215 2067 368 2104 quoque
393 2055 554 2098 indicat,
588 2055 635 2089 de
666 2055 760 2090 salsa
778 2057 855 2102 ‘leg.
881 2068 918 2102 p.
944 2062 1024 2102 380.

262 2148 322 2193 56)
349 2149 531 2193 Magnam
554 2147 689 2183 horum
711 2155 859 2194 partem
883 2150 1075 2195 congessit
1103 2150 1178 2193 jam
1202 2149 1261 2183 vir
1291 2148 1546 2196 praeclarissi-

216 2221 301 2245 mus
327 2216 365 2244 et
391 2210 436 2243 de
460 2209 635 2243 universo
660 2216 873 2245 nostrarum
896 2211 1111 2246 litterarum
1135 2222 1276 2257 genere
1300 2211 1443 2255 optime
1466 2220 1547 2244 me-

217 2270 335 2313 ritus,
361 2271 403 2304 A.
430 2270 636 2313 Matthiae,
672 2271 711 2305 in
734 2271 867 2307 libello
893 2272 939 2306 de
964 2273 1083 2307 Iudic.
1107 2272 1192 2305 Ath.
1219 2273 1260 2306 P.
1287 2283 1318 2305 2.
1344 2282 1382 2315 p.
1410 2281 1475 2315 230
1501 2288 1545 2295 -

218 2337 297 2376 238.
326 2330 428 2376 quod
453 2332 677 2375 opusculum
702 2344 788 2366 cum
811 2332 851 2366 in
883 2333 1021 2367 ceteris
1053 2333 1227 2367 omnibus
1247 2332 1437 2377 partibus,
1462 2337 1547 2366 tum

218 2392 261 2426 in
287 2392 356 2426 hac
383 2393 606 2437 praecipue,
642 2404 738 2440 quae
763 2398 820 2428 est
843 2392 890 2427 de
914 2390 1136 2441 εἰσαγγελίᾳ,
1180 2393 1378 2438 egregium
1403 2398 1460 2427 est
1485 2403 1548 2425 co-

218 2452 426 2499 gnoscendi
452 2454 550 2488 Iuris
576 2454 692 2489 Attici
722 2454 944 2490 subsidium.
1004 2458 1187 2490 Poterant
1210 2460 1341 2488 tamen
1365 2459 1405 2488 et
1437 2452 1547 2499 plura

218 2515 394 2561 exempla
416 2513 524 2559 addi,
551 2522 590 2550 et
614 2528 680 2559 ea,
707 2527 802 2562 quae
826 2515 940 2551 allata
963 2523 1070 2563 sunt,
1095 2516 1222 2564 paullo
1249 2513 1461 2552 accuratius
1484 2524 1547 2550 ex-

219 2575 366 2620 plicari.

265 2670 329 2715 57)
359 2671 515 2706 Isocrat.
539 2669 587 2705 de
617 2669 719 2717 Bigis
748 2682 786 2716 p.
807 2675 885 2710 828.
