1706 3058
270 133 350 178 138

263 243 454 296 thycles‚
496 243 547 284 ad
582 244 759 297 Oiymp.
791 242 880 284 CX.
911 240 948 286 5.
976 244 1209 299 Eponymo
1241 242 1575 297 charmadan),

264 317 440 363 Unum,
484 313 555 354 cui
589 313 806 365 Polycles,
847 314 908 361 ad,
931 315 1105 371 Olymp.
1136 317 1243 357 CIX.
1276 314 1315 355 5.
1345 317 1578 370 Eponymo

262 384 549 441 Sosigene'').
596 383 675 424 His
696 385 1008 427 adnumerandi
1039 387 1248 427 videntur
1269 384 1576 443 Mnesithides,

262 457 545 499 chaerondas
565 465 694 510 atque
724 455 894 500 Xenias.
955 455 1245 499 Mnesithidis
1267 470 1433 497 nomen
1463 458 1580 511 apud

262 527 612 570 Demosthenem
634 536 788 574 exstat,
820 542 844 568 e
867 527 1194 584 Psephismatis,
1224 540 1275 570 ut
1304 539 1428 584 puto,
1461 542 1580 583 prae-

260 597 504 654 scriptione
518 599 772 652 repetitum.
814 599 1031 656 Loquitur
1052 612 1198 641 orator
1222 601 1275 640 de
1293 598 1580 654 Amphictyo-

260 684 369 711 num
381 669 494 710 bello
517 679 667 709 contra
683 672 845 711 Locros
857 671 1175 726 Amphissaeos.
1206 671 1325 725 quod
1350 668 1578 710 Aeschinis

261 738 459 783 artificiis
501 738 743 780 conflatum
784 755 875 782 esse
904 741 1145 782 contendit.
1206 740 1351 793 Dein,
1393 744 1480 798 λέγε
1511 740 1578 795 δὴ,

259 809 434 866 inquit,
465 812 533 853 καὶ
562 810 658 860 τούς
697 811 889 867 χρόνους,
927 815 969 856 ἐν
1010 811 1071 862 οἷς
1109 810 1215 854 ταῦτ’
1257 813 1454 868 ἐγίγνετο·
1501 814 1578 855 εἶσὶ

255 883 334 940 γὰρ
363 879 458 925 καθ’
496 880 569 932 οῧς
597 883 896 940 ἐπυλαγόρησεν
927 877 1057 933 οὗτος.
1089 886 1184 939 λέγε.
1220 882 1425 939 Χρόνοι.
1472 882 1579 938 ’Ἅρ-

254 974 337 1011 χων
373 957 676 1008 Μνησιθείδης,
708 955 837 1008 μηνὸς
864 952 1219 1011 ’Λνθεστηριτὸνος
1241 957 1333 1012 ἕκτῃ
1365 957 1430 997 ἐπὶ
1460 953 1578 998 δεκά-

253 1030 373 1086 τῃᾞ.
436 1027 553 1065 Haec
585 1039 635 1065 ex
666 1038 718 1065 eo
750 1024 1054 1081 psephismate
1094 1025 1276 1067 recitata
1318 1040 1410 1067 esse
1451 1035 1577 1081 puto,

255 1098 376 1154 quod
397 1097 448 1137 de
480 1095 697 1148 Aeschine
728 1097 938 1150 Pylagora
963 1107 1106 1137 creato
1135 1096 1436 1150 conscriptum
1469 1107 1603 1155 eran!

252 1169 522 1211 Referendus
554 1167 702 1222 itaque
733 1166 815 1207 erit
846 1165 1136 1207 Mnesithides
1167 1167 1242 1208 ille
1284 1168 1336 1207 ad
1378 1170 1447 1210 Ol.
1489 1170 1575 1212 CX.

258 1255 294 1284 1.
343 1245 469 1291 cujus
518 1239 625 1280 anni
666 1242 919 1291 Eponymus
970 1250 1034 1278 est
1075 1241 1479 1294 Theophrastus³⁴).
1519 1262 1576 1274 -

253 1313 533 1354 Chaerondas
564 1309 824 1350 nominatur
854 1312 906 1350 ab
938 1309 1172 1351 Aeschine:
1227 1307 1329 1351 Ἐπὶ
1366 1310 1443 1365 γάρ
1477 1317 1576 1353 Xon-

254 1384 416 1440 ρώνδου
447 1383 693 1436 ”Αρχοντος,
730 1385 1016 1436 Θαργηλιῶνος
1047 1379 1174 1433 μηνὸς
1203 1383 1370 1438 δευτέρᾳ
1400 1387 1575 1435 φθίνον·

251 1473 344 1506 τος,
399 1457 611 1507 ἐκκλησίας
647 1452 795 1505 οὔσης,
849 1454 1000 1509 ἔγραψε
1038 1453 1238 1506 ψήφισμα
1287 1454 1573 1506 Δημοσθένης,

254 1524 408 1583 ἀγορὰν
435 1530 603 1577 ποιῆσαι
629 1529 708 1565 τῶν
731 1529 872 1576 φυλῶν
893 1527 1260 1579 Σκιρῤοφοριώνος
1285 1523 1449 1580 δευτέρᾳ
1469 1526 1576 1566 ἵστα-

252 1602 377 1654 μένου
400 1600 470 1640 καὶ
498 1600 632 1654 τρίτῃ,
673 1597 743 1637 καὶ
765 1596 949 1644 ἐπέταξεν
978 1597 1020 1637 ἐν
1058 1599 1114 1652 τῷ
1147 1596 1379 1647 ψηφίσματι
1425 1593 1573 1653 ἑκάστῃ

249 1675 331 1713 τῶν
354 1675 496 1723 φυλῶν
518 1669 678 1710 ἑλέσθαι
700 1665 795 1714 τούς
827 1667 1191 1719 ἐπιμελησομένους
1220 1670 1300 1706 τῶν
1332 1667 1459 1721 ἔργων
1492 1667 1574 1720 [ἐπὶ

249 1742 299 1784 τὰ
325 1742 448 1795 τείχη]
471 1742 538 1781 καὶ
566 1742 711 1792 ταμίας
740 1755 776 1778 κ.
795 1755 826 1778 τ.
860 1738 972 1791 λ.”).
1034 1738 1161 1776 Hanc
1204 1735 1419 1790 temporis
1453 1737 1574 1779 desi-

251 1811 509 1871 gnationem
539 1809 775 1866 repetitam
807 1822 897 1849 esse
916 1823 966 1848 ex
995 1807 1093 1862 ipso
1118 1806 1430 1848 Demosthenis
1461 1811 1571 1851 Pse-

248 1884 492 1949 phismate,
532 1879 727 1922 dubitari
766 1878 943 1935 nequit
1011 1881 1117 1919 Acta
1147 1888 1294 1918 autem
1326 1880 1435 1920 haec
1468 1891 1570 1921 sunt

250 1966 326 1998 aut
349 1956 522 2009 Olymp.
557 1954 642 1995 CX.
666 1966 701 1994 1.
732 1963 808 1993 aut
826 1949 1021 1993 fortassis
1054 1951 1145 1994 CX
1178 1961 1237 1990 2.
1229 1950 1300 2004 ⁶),
1332 1960 1450 1992 certe
1469 1962 1571 1994 ante

293 2100 353 2143 51)
389 2094 484 2129 Ibid.
529 2104 565 2138 p.
610 2091 688 2127 266.
755 2092 968 2126 Secundum
1011 2092 1227 2126 Corsinium
1258 2090 1304 2125 ad
1339 2091 1400 2126 01.
1429 2093 1506 2128 CX.
1533 2106 1568 2129 2.

251 2169 275 2194 a
294 2169 367 2204 qua
390 2155 598 2197 sententia,
626 2166 694 2190 cur
715 2153 809 2190 mihi
833 2152 1099 2187 discedendum
1122 2158 1253 2198 putem
1270 2176 1280 2194 ,
1306 2151 1407 2187 infra
1431 2152 1566 2190 dicam.

292 2227 352 2273 32)
378 2225 436 2259 110.
460 2236 497 2269 p.
531 2224 609 2258 261.

293 2297 353 2339 53)
380 2293 436 2326 Ib.
462 2303 497 2337 p.
525 2304 602 2337 279.
630 2291 906 2326 Obscurissima
939 2297 995 2325 est
1026 2291 1147 2325 omnis
1180 2290 1314 2324 harum
1346 2301 1476 2325 rerum
1509 2291 1568 2325 hi-

246 2354 365 2390 storia
387 2359 542 2398 propter
566 2352 760 2387 Aeschinis
785 2359 824 2386 et
855 2352 1121 2386 Demosthenis
1156 2351 1196 2384 in
1232 2362 1274 2384 ea
1296 2350 1477 2385 tradenda
1506 2362 1568 2385 re-

247 2414 516 2462 pugnantiam,
543 2413 590 2448 de
615 2426 686 2459 qua
711 2413 956 2457 dijudicanda,
983 2412 1159 2458 quoniam
1183 2411 1271 2445 satis
1288 2411 1362 2445 hoc
1384 2411 1470 2446 Ioco
1490 2411 1566 2446 dici

248 2475 402 2522 nequit,
427 2480 592 2518 praestat
616 2481 763 2516 tacere,
789 2486 900 2520 quam
925 2486 1058 2519 parum
1083 2474 1221 2508 dicere.

294 2545 354 2588 34)
381 2543 553 2577 Aeschin.
580 2543 660 2577 adv.
689 2543 922 2588 Ctesiphont.
949 2556 984 2589 p.
1011 2553 1090 2588 505.
1117 2542 1196 2587 506.

296 2613 355 2657 55)
383 2613 470 2646 Adv.
493 2611 723 2656 Ctesiphont.
750 2625 784 2657 p.
805 2625 883 2657 420·
910 2625 964 2659 sq.

294 2682 352 2727 36)
382 2681 936 2728 013mp.cx.1.Archome
976 2682 1261 2730 Theophrasto,
1305 2695 1391 2720 cum
1421 2682 1563 2719 bellum

1684 139 1706 180 ⁷!
