1706 3058
331 90 348 106 l

256 153 336 211 198

339 260 544 304 Tertium
583 270 832 323 exemplum
872 268 979 309 item
1028 283 1051 310 e
1098 268 1231 322 Lysia
1280 272 1571 327 repetitur⁸⁹).

256 335 347 375 Lex
378 331 500 374 enim
532 346 622 376 erat
651 337 861 388 Athenis,
893 349 944 379 ut
972 354 1027 380 ne
1059 340 1158 396 quis
1189 355 1320 396 supra
1352 341 1574 399 quinqua·

256 403 379 460 ginta
423 405 634 447 frumenti
673 410 885 464 phormos
928 421 1172 459 coemerct;
1225 411 1310 469 (est
1347 422 1495 454 autom
1526 428 1575 458 ea

256 488 461 522 mensura
493 475 686 520 incertae
717 481 1073 539 magnitudinis).
1135 485 1265 524 Hanc
1302 483 1443 537 legem
1476 483 1575 525 fru-

257 544 463 593 mentarii
497 546 675 602 quidam
707 551 1028 608 migraverant3
1059 552 1192 594 delati
1224 563 1326 593 sunt
1356 554 1410 593 ad
1440 555 1577 596 Sena-

255 628 380 671 tum;
420 620 604 661 Senatus
643 636 818 664 causam
858 625 912 664 ad
949 623 1169 675 judicium
1218 623 1383 675 rejecit.
1454 627 1578 673 Haec

257 704 436 746 quoque
469 693 690 747 εἰσαγγελία
720 695 857 735 fuisse
885 694 1137 746 videtur⁹⁶).

341 759 547 816 Denique
585 764 703 817 apud
743 766 933 806 eundem
973 764 1149 818 Lysiam
1191 764 1240 806 in
1289 764 1491 807 oratione
1528 765 1579 808 in

255 832 676 884 Theomnesstum⁹¹)
714 838 938 893 εἰσαγγελία
974 847 1244 877 memoratur
1282 847 1432 878 contra
1473 850 1578 878 eum

257 903 422 952 delata,
461 901 538 958 qui
573 919 675 947 cum
707 908 876 958 abjecto
908 918 1033 948 acuto
1066 905 1243 947 infamis
1274 908 1414 947 factus
1447 917 1573 955 esset,

256 972 465 1014 tamenin
486 973 682 1016 comitiis
704 990 808 1018 cum
828 978 993 1032 populo
1016 991 1140 1034 agere
1161 980 1356 1020 auderet.
1394 976 1577 1032 Propria

256 1046 388 1096 hujus
409 1044 610 1087 criminis
634 1047 795 1089 delatio
819 1059 908 1089 erat
935 1051 1126 1100 ἔνδειξις-5
1156 1048 1295 1106 igitur
1317 1049 1436 1104 quod
1455 1061 1577 1090 nunc

255 1119 505 1173 εἰσαγγελίαν
545 1115 795 1160 institutam
836 1117 1050 1175 legimus,
1089 1120 1256 1166 factum
1287 1119 1333 1160 id
1363 1130 1429 1160 est
1460 1131 1579 1160 extra

257 1187 485 1236 ordinem,
518 1187 612 1229 sive
643 1201 822 1245 propter
851 1189 1145 1231 Theomnesti
1177 1189 1295 1232 illiue
1326 1203 1574 1246 personam,

254 1256 352 1300 sive
384 1258 468 1300 alia
501 1273 764 1315 quacunque
802 1261 856 1301 de
885 1274 1024 1303 causa.

341 1332 410 1371 De
441 1327 509 1370 his
542 1334 803 1386 εἰσαγγελίαις
843 1333 1036 1372 exstabat
1064 1333 1135 1372 lex
1172 1333 1411 1388 quaedam,
1450 1331 1580 1387 νόμος

254 1400 565 1456 εἰσαγγελτικός,
605 1405 731 1453 cuius
768 1400 938 1442 mentio
971 1411 1034 1442 est
1072 1403 1190 1457 apud
1228 1404 1576 1446 Demosthenem

255 1482 388 1527 atque
427 1472 671 1513 Pollucem.
738 1469 1067 1520 Definiebatur,
1115 1471 1294 1528 opinor,
1344 1475 1426 1514 hac
1465 1474 1578 1530 lege,

253 1540 466 1598 primum,
498 1541 548 1583 in
570 1541 731 1598 quibus
756 1541 1021 1584 delictorum
1043 1542 1274 1598 generibus
1305 1541 1379 1584 illa
1410 1543 1576 1587 delatio

254 1602 407 1655 locum
424 1616 631 1663 haberet,
668 1613 800 1666 dein,
835 1628 944 1669 quae
980 1622 1123 1654 essent
1157 1611 1364 1654 delatoris
1382 1612 1430 1654 in
1454 1615 1578 1656 defe-

256 1686 410 1733 rendo,
444 1699 558 1741 quae
590 1688 776 1727 Senatus
808 1696 852 1726 et
882 1684 1041 1740 populi
1074 1681 1122 1724 in
1155 1683 1397 1736 judicando
1427 1683 1576 1727 officia

256 1771 308 1806 ac
328 1755 505 1812 jura⁹²).
547 1758 689 1812 Atque
711 1757 763 1798 de
784 1754 1020 1813 generibus
1045 1753 1312 1797 delictorum
1337 1769 1466 1812 quam
1490 1771 1576 1813 po-

301 1882 362 1927 89)
389 1882 475 1926 Lys.
495 1879 591 1918 κατοῖ
624 1878 698 1916 τῶν
732 1877 906 1916 chronol).-
933 1892 968 1925 p.
1006 1881 1077 1924 164.

296 1966 358 2011 90)
379 1964 426 1998 cf.
450 1963 636 1998 Matthiae
657 1963 703 1997 de
722 1963 838 1998 Iudic.
866 1963 948 2009 Atlp
979 1963 1018 1996 P.
1041 1975 1072 1997 2.
1097 1974 1133 2017 p.
1157 1973 1232 2008 232.
1253 1970 1330 2011 not3
1352 1977 1384 2010 7.

297 2050 358 2096 91)
395 2051 484 2107 l'ag.
523 2049 593 2083 116.
636 2048 662 2082 1.
700 2059 750 2095 17.

298 2142 359 2187 92)
386 2141 518 2175 Pollux
533 2141 634 2175 VIII.
650 2150 706 2184 51.
731 2138 822 2176 '118'
832 2137 1031 2186 εἰσαγγελία
1048 2139 1222 2175 τέτακται
1237 2137 1299 2174 ἐπὶ
1311 2135 1571 2186 τῶνοῖγρᾶφων

255 2200 437 2247 δημοσίων
461 2198 706 2245 ἀδικημάτων,
730 2199 825 2239 κατὰ
849 2198 915 2234 τόν
943 2195 1057 2243 νόμον
1081 2196 1147 2233 τόν
1171 2195 1444 2243 εἶσαγγελτικόν.
1493 2203 1570 2236 De-

253 2261 389 2296 mosth.
404 2261 450 2295 de
463 2260 684 2306 Chersones,
711 2272 746 2307 P:
774 2260 830 2305 96.
857 2266 949 2294 extr.
977 2257 1010 2294 εἰ
1030 2258 1100 2306 γάρ
1127 2256 1227 2294 δεινοὶ
1250 2260 1572 2305 ποιεῗΔιοπείθησ,

253 2327 315 2360 καὶ
334 2319 484 2368 κατάγει
507 2319 555 2356 τοὶ
581 2320 706 2364 πλοῖα,
733 2319 876 2367 μικρὸν,
903 2316 931 2356 ὦ
956 2317 1081 2364 ἄνδρες
1103 2316 1326 2361 Ἀθηναῖοι,
1349 2317 1484 2363 μικρόν
1506 2331 1574 2354 πι-

251 2381 381 2419 νάκιον
405 2382 521 2417 ταῦτα
545 2379 669 2417 πάντα
692 2381 849 2418 κωλῦσαι
874 2377 1010 2417 δύναιτ’
1042 2376 1098 2423 ἄν.
1124 2382 1185 2415 καὶ
1210 2377 1372 2424 λέγουσιν
1403 2378 1442 2416 οἱ
1460 2376 1573 2427 νόμοι

252 2442 390 2485 ταῦτα,
423 2440 504 2478 τούς
536 2439 749 2477 ἀδικοῦντας
781 2438 1027 2489 εἰσαγγέλλειν.
1078 2438 1262 2484 Loquitur
1297 2445 1422 2473 autem
1449 2445 1574 2473 orator

254 2503 303 2537 de
324 2503 599 2548 imperatorum
625 2502 784 2544 delictis,
809 2501 1063 2535 vexationibus
1087 2499 1292 2542 sociorum,
1327 2499 1479 2543 navium
1512 2511 1573 2534 ca-

254 2564 388 2609 pturis.
438 2564 541 2597 Haec
565 2562 679 2607 igitur
713 2568 820 2597 erant
853 2561 989 2596 delicta
1015 2572 1059 2595 ex
1082 2572 1126 2595 eo
1163 2571 1326 2605 genere,
1362 2559 1402 2593 in
1428 2570 1501 2605 quo
1525 2558 1573 2607 τῇ

252 2622 459 2671 εἰσαγγελίᾳ
491 2623 616 2657 locum
651 2635 732 2658 esse
767 2624 870 2669 leges
904 2628 1122 2657 statuerant.
1157 2640 1202 2646 —-
1258 2620 1362 2654 Alius
1386 2619 1491 2657 locus
1515 2625 1572 2655 eet

251 2671 335 2719 θάνε
361 2684 566 2721 Timocrat.
592 2695 628 2731 p.
656 2696 735 2731 720.
763 2695 877 2731 quem
909 2683 1009 2718 infra
1033 2681 1297 2725 adscribemus.
