1706 3058
243 72 326 116 518

243 190 365 222 trum
394 193 573 237 quoque
602 177 940 231 Dionysiacum.
970 178 1171 222 Stadium
1191 181 1566 226 panathenaicum

242 254 531 307 Lyncumque
563 249 871 303 Gymnasium,
905 250 990 292 alia
1011 263 1234 308 praeterea
1267 260 1405 308 opera'
1423 256 1566 297 multa

241 325 296 364 ab
328 325 485 365 eodem
516 332 734 364 exstructa
760 337 849 364 ecee
879 322 1000 364 idem
1029 324 1286 380 Psophisma
1311 325 1570 381 testatum),

240 398 392 450 Itaque
423 396 585 438 horum
616 408 789 450 quoque
822 393 993 436 curatio
1033 395 1072 437 ei
1105 410 1127 435 a
1158 397 1322 451 populo
1354 396 1568 437 mandata

241 482 334 508 esse
365 465 556 508 videtur,
618 467 761 520 Atque
792 466 949 506 eodem
980 467 1113 507 modo
1145 466 1338 508 Pericles
1370 479 1569 522 quoque,

241 554 345 582 cum
376 539 729 584 Parthenonem,
763 537 960 585 Odeum,
1014 539 1228 594 ternplum
1258 537 1378 580 Jovis
1411 537 1570 588 Olym-

241 609 333 667 pici
365 608 538 664 aliaque
578 608 719 648 multa
750 607 975 649 aedificari
1016 619 1210 657 curaret,
1251 606 1438 650 dubium
1477 619 1573 648 esse

238 697 333 724 non
365 691 535 737 potest,
578 678 688 735 quin
719 693 742 719 a
781 681 948 734 populo
981 680 1036 720 ad
1075 681 1238 721 horum
1270 692 1460 734 operum
1490 691 1570 720 cu-

238 752 460 795 rationem
502 762 676 792 creatus
718 749 932 806 fuerit³⁶).

326 822 582 867 Scribarum
610 823 778 863 multus
809 832 901 862 erat
933 820 982 862 in
1011 819 1156 863 Attica
1186 819 1416 877 republica
1447 833 1570 868 usus,

238 897 426 951 ideoque
456 908 722 949 permagnus
753 907 990 947 numerus,
1031 907 1178 949 neque
1218 893 1331 934 ullus
1360 901 1454 932 erat
1482 905 1572 932 ma·

239 973 309 1023 jor
338 965 545 1008 minorve
577 963 878 1019 magistratus,
911 964 986 1006 cui
1017 979 1109 1006 non
1142 962 1284 1004 scriba
1315 976 1421 1003 suus
1453 963 1575 1003 ades-

239 1050 329 1088 set,
371 1049 443 1079 aut
474 1047 646 1084 custos,
687 1045 763 1077 aut
791 1036 968 1086 adjutor
998 1047 1074 1076 aut
1105 1034 1348 1091 apparitor,
1379 1044 1457 1074 aut
1486 1047 1574 1087 pu-

241 1111 356 1152 blice
388 1119 464 1150 aut
503 1109 556 1148 ab
597 1107 691 1162 ipso
721 1106 932 1161 privatim
965 1106 1313 1158 constitutusv).
1375 1107 1460 1148 Sed
1490 1106 1577 1147 ho-

240 1196 344 1224 rum
375 1179 620 1221 scribarum
650 1175 742 1218 vile
775 1178 1016 1218 habebatur
1054 1193 1243 1225 munus,
1287 1178 1578 1231 solebantque

241 1262 296 1294 ut
325 1250 569 1306 plurimum
599 1259 680 1289 aut
709 1248 823 1288 servi
856 1263 948 1289 esse
980 1248 1172 1304 publici,
1211 1259 1288 1290 aut
1317 1246 1446 1289 liberi
1479 1246 1574 1303 qui-

242 1323 367 1369 dem,
398 1321 477 1361 sed
507 1333 561 1360 ex
590 1316 745 1359 infima
777 1318 978 1374 plebe³⁸).
1037 1322 1184 1371 Major
1214 1331 1361 1362 autem
1395 1329 1485 1358 erat
1511 1317 1574 1358 di-

242 1390 394 1450 gnatio
426 1388 673 1432 scribarum
704 1391 888 1432 Senatus
921 1404 970 1431 ac
998 1389 1168 1446 populi,
1202 1404 1463 1445 eorumque:
1495 1387 1575 1445 qui

237 1463 533 1520 Ἀντιγραφεῖς
563 1459 826 1507 dicebantur
854 1466 927 1516 τῆς
947 1465 1102 1517 βουλῆς
1125 1471 1202 1502 aut
1220 1467 1292 1516 τῆς
1320 1461 1576 1516 διοικήσεως,

242 1618 350 1654 rant,
376 1609 594 1656 ἐπιμεληταὶ
618 1608 694 1645 τῶν
715 1611 876 1654 νεωρίων
901 1609 1144 1653 dicebantur,
1180 1609 1362 1644 ordinarii
1385 1609 1487 1644 haud
1511 1610 1577 1644 du-

242 1672 308 1708 hie
331 1672 581 1716 magistratus.
631 1672 720 1705 Lex.
746 1671 857 1705 Rhet.
884 1671 910 1705 1.
936 1671 966 1706 1.
993 1671 1042 1704 cf.
1072 1671 1199 1716 Sigon.
1228 1670 1274 1704 de
1299 1672 1394 1715 Rep.
1432 1669 1515 1704 Ath.
1542 1682 1579 1715 p.

244 1733 326 1778 630.
354 1734 548 1777 Lycurgus
573 1738 722 1775 autem,
757 1730 896 1766 bellico
930 1731 1126 1776 apparatui
1161 1731 1325 1765 curando
1347 1737 1453 1769 >extra
1479 1729 1579 1764 orch’-

245 1805 337 1828 nem
370 1784 540 1836 creatus,
578 1792 688 1836 hujus
723 1804 875 1839 quoque
910 1789 1131 1837 ἐπιμελητοῦ
1161 1801 1324 1825 munere
1357 1790 1469 1825 simul
1493 1789 1581 1824 fuu-

247 1862 328 1890 ctus
361 1860 430 1888 est.

293 1924 354 1968 35)
382 1923 424 1956 L.
449 1923 474 1956 1.
500 1933 534 1967 p.
562 1926 640 1967 852.
669 1923 710 1958 C.

293 1992 353 2037 56)
381 1991 571 2026 Plutarch.
598 1991 733 2025 Pericl.
760 2002 841 2036 cap.
869 2002 920 2025 12.
947 2001 1000 2036 13.

295 2062 355 2107 37)
382 2061 439 2094 Cf.
469 2059 633 2093 Boeckh.
662 2061 691 2094 Ι.
717 2072 754 2105 p.
781 2065 854 2106 198.
881 2060 1117 2095 Archontum
1136 2070 1300 2105 quoque,
1325 2059 1580 2104 Logistarum,

248 2121 608 2155 Undecimvirorum
633 2121 779 2156 scribae
802 2126 1074 2156 memorantur.
1122 2120 1268 2162 Pollux,
1295 2121 1398 2154 VIII.
1424 2132 1480 2165 92.
1504 2131 1579 2154 102.

247 2181 423 2215 Aeschin.
450 2182 490 2215 in
518 2182 751 2227 Ctesiphont.
778 2193 815 2226 p.
841 2193 919 2225 403·
969 2182 1018 2215 Et
1043 2180 1126 2226 quis
1151 2182 1269 2215 nescit
1285 2205 1295 2222 ‚
1330 2191 1443 2226 quam
1468 2190 1584 2224 saepe

246 2241 289 2276 in
324 2243 557 2285 judicialibus
592 2242 824 2276 orationibus
852 2242 995 2275 scribae
1031 2241 1242 2276 excitentur
1262 2241 1309 2275 ad
1333 2240 1580 2274 recitandum.

251 2302 370 2336 Erant
395 2309 523 2337 autem
546 2303 605 2345 lu',
633 2309 674 2337 ut
699 2303 867 2345 videtur,
893 2303 1037 2336 scribae
1070 2300 1315 2335 Archontum.
1362 2301 1423 2334 De
1447 2299 1593 2334 scribis*

250 2369 471 2397 curatorum
496 2364 659 2409 emporii
684 2377 717 2397 v.
743 2363 969 2408 VVesseling.
991 2363 1037 2396 ad
1063 2362 1174 2397 Petit.
1201 2373 1237 2407 p.
1263 2372 1335 2406 511.

299 2431 358 2475 58)
396 2433 650 2477 Itaque,cum
697 2438 892 2466 contemtu
928 2431 1104 2466 Aeschini
1143 2431 1343 2475 exprobrat
1383 2427 1578 2465 Demosth-

251 2491 352 2537 quod
379 2488 699 2536 ὗπεγραμμιῖτευσε
724 2497 787 2527 καὶ
807 2490 1013 2537 ὑπηρέτησε
1036 2495 1113 2529 τοῖς
1137 2488 1323 2538 ἀρχιδίοις.
1364 2491 1426 2525 De
1449 2499 1577 2524 coron.

251 2563 287 2596 p.
314 2563 390 2596 314.
425 2552 481 2587 Cf.
518 2551 565 2588 de
596 2553 676 2587 fale.
712 2553 785 2597 leg.
819 2564 856 2597 p.
887 2564 964 2599 419.
998 2564 1076 2598 403.
1135 2552 1246 2588 Petit.
1283 2552 1400 2597 Legg.
1433 2551 1508 2585 Att.
1542 2559 1578 2594 p.

243 2623 331 2657 ⁴342.

1699 1724 1706 1739 ι
1691 1667 1706 1711 “.”’”...
1700 1611 1706 1650 4.-
1696 1554 1706 1598 ..υ
1696 1519 1706 1543 κ.
1699 1450 1706 1494 mo
1699 1399 1706 1433 ..ι

1691 2167 1706 2258 ’.α-ῃ
1694 2103 1706 2129 a.
1687 1966 1706 2062 ἰι-γ..
1685 1753 1706 1950 *nam—2⁴*-
