1706 3058
1360 73 1444 126 553

108 183 158 224 in
187 180 373 238 reliquis
404 194 549 238 aequo
580 180 760 238 utrique
777 186 875 235 jure
894 191 1055 224 essent.
1115 183 1181 222 Ita
1213 181 1304 222 duo
1336 191 1443 223 sunt

107 252 367 310 principum
407 267 568 310 genera
608 254 745 303 facta,
792 256 1004 304 Γελέοντες
1039 262 1084 294 et
1110 251 1329 305 ‘'Orci-meg.
1387 254 1443 292 In

106 324 298 366 totidem
330 339 488 381 genera
529 323 664 366 etiam
706 325 877 381 reliqua
916 325 1159 367 multitudo
1193 321 1334 365 divisa
1365 334 1443 366 est.

105 395 220 448 Alii,
259 394 494 452 imprimis
528 411 582 438 ex
622 396 866 439 Hellenicis
897 395 988 437 illis
1020 394 1227 443 advenis,
1278 391 1444 447 plebeii

107 467 291 524 quidem
331 479 375 508 et
412 468 658 525 ignobiles,
697 470 774 510 sed
814 479 963 510 tamen
1001 467 1128 509 liberi
1160 478 1203 508 et
1233 463 1443 522 proprio-

105 554 206 582 rum
237 540 484 582 fundorum
514 553 812 596 possessores,
852 538 1018 596 partim
1063 537 1300 594 agricolae,
1337 551 1446 593 par-⁷

106 610 213 660 tim,
253 620 295 651 et
333 611 481 666 plures
514 612 722 660 fortasse,
752 611 801 653 in
831 609 1051 653 montosis
1082 609 1342 666 praesertim
1371 609 1444 649 lo·-

104 680 195 729 cis,
237 679 305 722 rei
346 682 579 737 pecuariae
613 682 754 740 magis
788 698 920 740 quam
953 680 1252 737 agriculturae
1285 679 1441 728 dediti,

103 751 154 794 in
191 755 448 809 Αἰγικορέων
487 753 607 796 trihu
660 757 962 796 censebantur.
1046 751 1227 808 Reliqui
1268 764 1447 799 omnes,

106 824 338 868 Γελεόντων
370 835 414 865 et
449 824 666 879 Ὀπλήτων
700 824 850 866 coloni
882 835 926 866 et
957 822 1144 866 clientes
1155 852 1174 874 ‚,
1204 821 1449 879 Ἀργαδέων-

104 896 225 938 tribu
256 897 826 951 comprehendebantur³¹).

188 971 295 1010 Erat
335 981 441 1007 sane
476 968 585 1008 haec
621 965 822 1008 tribuum
861 967 1109 1024 descriptio
1151 965 1444 1013 orientalium

103 1039 392 1096 quorundam
430 1040 698 1094 populorum
740 1038 884 1081 Castis
925 1041 1048 1081 haud
1096 1038 1338 1091 absimilis3
1389 1049 1443 1079 ut

101 1110 177 1152 hic
217 1124 399 1167 quoque
448 1124 604 1150 verum
643 1108 848 1151 invenias
887 1110 999 1152 illud
1039 1109 1318 1165 Thucydidis
1371 1108 1442 1150 di-

101 1193 250 1229 ctum,
310 1179 563 1239 antiquitus
614 1182 885 1222 Graecorum
936 1196 1080 1223 mores
1141 1193 1185 1223 et
1232 1180 1441 1223 instituta

99 1266 126 1294 a
156 1250 354 1294 barbaris
384 1265 476 1291 non
507 1265 777 1307 magnopere
807 1252 1165 1311 abhorruisse³⁴).
1226 1254 1315 1296 Sed
1344 1268 1442 1297 non

97 1324 180 1366 diu
212 1326 485 1365 Graecorum
515 1320 773 1377 ingenium,
808 1325 862 1363 ad
893 1323 1145 1372 libertatem
1177 1335 1346 1379 natum,
1377 1335 1438 1365 ta-

98 1396 221 1439 libus
270 1409 317 1437 se
367 1392 561 1436 vinculis
603 1393 849 1450 constringi
900 1408 1081 1449 passum
1132 1405 1209 1439 est.
1280 1394 1443 1452 Igitur,

101 1465 343 1510 contractis
384 1463 643 1521 praesertim
685 1463 856 1507 mutuis
897 1464 1013 1506 inter
1061 1464 1254 1507 diversas
1294 1466 1439 1509 tribus

101 1536 366 1590 connubiis,
395 1547 546 1577 vetera
576 1535 773 1579 vitarum
805 1534 1066 1577 discrimina
1090 1535 1321 1591 paullatim
1354 1552 1440 1579 ne-

100 1609 211 1667 gligi
243 1617 513 1665 coeperunt,
544 1608 800 1663 factumque
829 1605 894 1649 ita
924 1617 1004 1655 est,
1036 1617 1089 1648 ut
1119 1622 1165 1652 v,
1195 1622 1234 1650 c.
1264 1608 1340 1667 qui
1364 1624 1437 1666 ge.-

101 1774 286 1809 arbitratu
308 1783 377 1806 suo
400 1771 579 1813 finxisse,
602 1770 669 1804 sed
693 1773 734 1803 in
752 1770 947 1816 plerisque
971 1777 1142 1806 veterem
1166 1773 1305 1807 famam
1329 1785 1436 1809 secus

102 1842 187 1870 tum
212 1846 294 1869 esse
318 1834 474 1876 volunt3
502 1833 609 1866 Plato
633 1831 752 1876 igitur
774 1830 815 1864 in
838 1832 1015 1875 Timaeo,
1052 1845 1088 1878 p.
1118 1846 1172 1878 24.
1199 1837 1240 1868 A.
1267 1836 1311 1868 B.
1339 1836 1437 1879 apud

101 1896 375 1932 vetustissimos
411 1894 555 1928 Atticos
588 1892 722 1926 itidem
754 1898 796 1925 ut
829 1893 928 1937 apud
960 1895 1166 1940 Aegyptios
1198 1896 1436 1932 sacerdottun

101 1959 207 2003 γένος
228 1968 250 1990 a
272 1955 456 1990 militibus
482 1955 687 1988 discretum
720 1953 838 1988 fuisse
871 1954 970 1990 dicit.

151 2049 211 2093 53)
240 2049 344 2082 Haec
370 2045 417 2080 de
442 2051 606 2091 quatuor
629 2045 798 2080 tribuum
831 2047 978 2092 origine
1010 2054 1049 2082 et
1072 2048 1220 2084 ratione
1244 2051 1435 2086 sententia

104 2116 143 2144 et
167 2109 225 2143 rei
249 2108 321 2153 ipsi
345 2119 389 2141 ac
412 2113 569 2141 naturae
594 2106 683 2140 satis
709 2107 858 2142 videtur
881 2115 1154 2152 consentanea,
1191 2123 1316 2158 neque
1342 2111 1432 2147 defi-

105 2171 211 2205 ciunt
244 2181 327 2204 eam
359 2175 531 2204 veterum
566 2169 791 2213 scriptorum
824 2169 1087 2212 auctoritates,
1121 2173 1257 2216 quibus
1287 2182 1431 2218 carent,

105 2242 202 2278 quae
225 2241 350 2275 nuper
374 2241 395 2264 a
419 2229 562 2264 duobus
588 2229 678 2263 viris
704 2229 924 2264 doctissimis
951 2231 1082 2266 eadem
1107 2233 1155 2267 de
1178 2244 1221 2267 re
1247 2233 1433 2279 disputata

104 2298 201 2326 sunt.
249 2292 337 2325 Non
361 2296 487 2324 autem
513 2302 604 2336 opus
631 2301 713 2325 esse
737 2291 902 2325 arbitror
925 2291 984 2326 his
1008 2293 1227 2339 singulatim
1251 2296 1432 2330 refellen-

104 2351 160 2386 dis
184 2352 403 2394 immorari3
431 2351 639 2393 sufficient,
674 2363 769 2400 quae
792 2352 854 2385 hic
878 2364 900 2386 a
921 2364 986 2388 me
1010 2353 1111 2388 dicta
1134 2362 1240 2398 sunt,
1278 2369 1376 2402 quae
1399 2360 1429 2392 si

104 2413 268 2447 lectores
294 2424 381 2446 cum
403 2412 558 2446 illorum
583 2412 692 2446 dictis
717 2413 950 2448 contulerint
981 2420 1020 2448 et
1053 2417 1233 2462 cujusque
1260 2425 1431 2454 nostrum

106 2478 329 2518 argumenta
360 2473 630 2519 examinarint,
667 2473 803 2520 facile,
837 2486 906 2522 pro
938 2487 979 2512 se
1009 2477 1190 2527 quisque,
1225 2479 1328 2514 inter
1359 2492 1428 2516 nos

106 2533 312 2577 dijudicare
342 2540 533 2579 poterunt.

154 2619 213 2665 34)
238 2617 409 2666 Thtmyd.
435 2619 467 2657 Ι.
494 2631 526 2656 c.
553 2620 590 2657 fis
