1706 3058
219 143 300 187 166

226 250 326 293 aliis
354 250 480 294 libris
516 257 640 298 nullo
678 254 860 312 negotio
900 255 1111 312 cognosci
1151 254 1417 311 possint¹‘),
1469 252 1547 296 hic

222 324 385 365 referre
416 328 761 380 supersedemus.
820 325 993 368 ludices
1014 338 1138 369 erant
1161 326 1404 375 Heliastae;
1430 336 1550 366 erat-

227 408 317 451 que
347 399 454 438 haec
484 411 613 438 causa
645 411 697 439 ex
727 397 810 446 iis,
844 397 892 439 in
924 397 1086 453 quibus
1117 398 1328 454 permissa
1359 407 1452 437 erat
1481 411 1547 438 ac·

228 466 423 507 cusatori
454 481 622 523 poenae
664 467 941 516 aestimatio,
986 483 1086 510 reus
1117 479 1270 510 contra
1302 467 1434 509 aliam
1463 466 1550 509 sibi

230 534 327 592 ipse
348 551 537 592 poenam
557 538 787 582 aestimare
812 550 995 596 poterat,
1027 538 1198 592 judices
1222 549 1383 586 autem,
1405 549 1551 580 utram

227 608 416 655 vellent,
458 606 698 663 eligebant;
742 610 994 665 cujusmodi
1035 609 1202 662 judicia
1231 612 1283 651 ab
1313 609 1557 651 Athenien-

229 675 353 717 sibus
377 677 642 720 dicebantur
664 680 821 738 ἀγῶνες
849 685 1022 737 τιμητοί.
1081 680 1223 736 Igitur
1253 679 1462 722 facillime
1485 679 1553 720 in·

230 745 471 804 telligitur,
527 750 666 793 varias
716 753 855 795 fuisse
915 753 1313 794 condemnatorum
1362 754 1552 806 ffpoenas,

227 830 364 873 prout
394 832 471 861 aut
502 821 680 876 gravius
713 835 790 865 ant
812 823 953 865 levius
986 822 1293 878 deliquissent,
1323 821 1555 864 mitiorem

228 900 306 930 aut
344 890 616 935 acerbiorem
656 894 956 936 adversarium
999 892 1120 935 nacti
1165 897 1388 946 essent¹⁸).
1455 894 1557 936 Ple-

228 974 418 1018 rumque
448 965 614 1006 mulcta
645 965 938 1022 irrogabatur3
971 979 1300 1020 nonnunquam
1333 963 1468 1006 etiam
1487 979 1558 1006 ex-

230 1041 427 1076 tremum
457 1036 742 1092 supplicium.
801 1041 945 1094 Atque
975 1053 1032 1078 ne
1071 1035 1256 1092 impune
1296 1035 1451 1077 liceret
1479 1050 1558 1091 pet

230 1104 504 1147 calumniam
535 1119 578 1148 et
609 1108 809 1150 fraudem
837 1106 1055 1161 ejusmodi
1087 1106 1315 1148 actionem
1346 1106 1442 1148 sine
1465 1121 1557 1164 gra·

229 1172 278 1214 vi
309 1187 439 1216 causa
469 1175 729 1228 intendere,
762 1189 1012 1225 aecusator,
1055 1176 1133 1234 qui
1165 1192 1293 1219 causa
1327 1176 1559 1227 ceciderat,

229 1259 378 1300 neque
409 1247 613 1304 quintam
643 1252 797 1292 saltem
835 1248 1145 1306 suffragiorum
1184 1260 1355 1304 partem
1386 1249 1558 1297 tulerat,

229 1315 355 1358 mille
386 1318 606 1359 drachmis
635 1320 954 1368 mulctabatur,
997 1319 1359 1376 afficiebaturque
1400 1334 1452 1361 eo
1480 1319 1563 1363 ἄτι-

228 1391 326 1443 plag
355 1404 536 1445 genere,
579 1401 631 1431 ut
661 1391 699 1430 ei
742 1389 789 1430 in
818 1402 1043 1447 posterum
1072 1405 1165 1432 non
1196 1390 1348 1432 liceret
1379 1403 1563 1432 accusa-

230 1475 307 1508 re,·
338 1459 387 1501 id
416 1461 535 1517 quod
566 1459 614 1500 in
646 1459 744 1502 aliis
777 1476 955 1518 quoque
982 1460 1166 1514 judiciis
1197 1460 1390 1516 publicis
1421 1461 1560 1502 moris

232 1541 339 1576 erat.
399 1533 557 1587 Neque
588 1531 644 1579 ei,
678 1530 756 1588 qui
776 1531 1031 1574 institutam
1060 1531 1308 1588 παρανόμων
1337 1530 1561 1573 actionem

233 1615 327 1643 non
360 1612 591 1643 exsecutus
622 1612 740 1650 erat,
771 1602 818 1644 id
850 1601 1035 1660 impune
1061 1602 1199 1644 fuisse
1241 1604 1420 1645 videtur
1434 1607 1502 1655 ¹⁹).

319 1675 472 1716 Solent
502 1685 652 1715 autem
681 1676 764 1715 hae
793 1673 1150 1729 Psephismatum
1181 1675 1561 1717 accusationes-in

234 1744 408 1785 duobus
439 1743 722 1800 potissimum
753 1743 864 1784 locis
893 1743 1073 1792 versari,
1105 1747 1241 1787 altero
1272 1749 1324 1787 ab
1358 1745 1562 1802 ipsorum

235 1825 514 1872 argumento,
537 1816 673 1857 altero
690 1829 713 1856 a
733 1813 907 1855 ferendi
928 1812 1102 1857 ratione
1120 1816 1308 1872 repetito
1321 1819 1385 1871 ²⁰).
1417 1819 1561 1874 Atque

284 1963 341 2008 17)
368 1962 560 2007 Imprimis
585 1972 607 1996 e
630 1960 817 1997 Matthiae
839 1962 994 2007 egregio
1019 1963 1200 2007 opusculo
1227 1961 1274 1997 de
1298 1964 1380 1998 Iud.
1406 1964 1492 1999 Ath.
1518 1966 1559 2000 P.

237 2035 272 2058 a.
299 2035 337 2068 p.
364 2023 443 2068 256.
471 2034 551 2069 sqq.
579 2022 628 2056 cf.
664 2022 779 2056 Wolf.
805 2022 831 2056 1.
857 2021 883 2056 1.
910 2033 945 2067 p.
975 2022 1195 2058 CXXXVII.

284 2106 342 2150 18)
368 2106 638 2151 Exemplorum
661 2106 810 2152 copiam
833 2118 868 2140 v.
902 2117 960 2150 ap.
983 2106 1147 2141 Boeckh.
1175 2107 1222 2142 de
1249 2109 1392 2146 Oecon.
1416 2109 1502 2146 Ath.
1528 2111 1558 2145 Ι.

236 2178 275 2212 p.
298 2178 383 2211 4¹¹·

283 2236 341 2281 ²9)
369 2235 418 2269 cf.
443 2235 733 2279 Hudtwalcker,
759 2235 806 2272 de
828 2236 993 2271 Diaetet.
1019 2248 1056 2282 p.
1086 2248 1162 2283 ²59-
1189 2249 1268 2284 sqq.

281 2320 342 2362 20)
371 2319 493 2352 Possit
525 2319 685 2353 forsitan
721 2319 855 2366 aliquis
887 2321 1091 2365 suspicari,
1134 2321 1247 2356 etiarn
1279 2324 1437 2358 tertium
1467 2323 1562 2358 mihi

235 2379 512 2414 numerandum
536 2379 653 2414 fuisse
674 2380 824 2424 locum,
857 2379 904 2414 de
927 2381 1057 2414 latoris
1088 2392 1268 2425 persona,
1310 2394 1397 2418 cum
1422 2383 1562 2426 videat,

235 2440 280 2473 in
306 2439 477 2473 oratione
501 2439 580 2473 adv.
609 2439 765 2475 Androt.
800 2441 915 2476 etiam
942 2453 987 2476 eo
1012 2441 1167 2475 nomine
1191 2441 1407 2488 impugnari
1431 2444 1563 2478 adver—

237 2500 400 2541 sarium,
435 2499 534 2545 quod
559 2500 778 2544 pudicitiam
801 2514 934 2548 parurn
959 2502 1117 2536 honeste
1141 2501 1336 2547 habuerit,
1369 2516 1494 2551 neque
1517 2505 1563 2539 li-

240 2566 322 2594 ceat
356 2560 391 2593 ei
424 2559 520 2594 hanc
545 2561 591 2594 ob
618 2572 768 2596 causam
793 2562 1008 2608 rogationes
1034 2561 1080 2596 ad
1103 2563 1287 2608 populum
1323 2565 1438 2599 ferre.
1487 2563 1564 2599 sed

237 2619 332 2654 mihi
366 2631 499 2654 verum
531 2621 626 2655 illud
658 2633 739 2656 esse
770 2623 940 2665 videtur,
975 2622 1075 2668 quod
1107 2624 1152 2657 ab
1184 2624 1416 2658 Androtione
1450 2623 1564 2667 objici

237 2680 292 2714 ait
326 2686 476 2725 orator,
507 2681 584 2718 hoc
616 2681 760 2718 crimen
792 2683 839 2721 ad
870 2682 1014 2732 γραφήν
1046 2682 1274 2730 παρανόμων
1304 2684 1456 2732 proprie
1485 2694 1563 2718 non
