1706 3058
267 109 348 153 214

269 220 380 276 ysuoe
409 220 554 277 aliqua
584 236 606 263 a
637 225 803 268 Senatu
835 227 887 270 ad
918 229 1135 283 populum
1166 229 1303 270 delata
1336 240 1430 270 esse
1461 229 1588 271 dica-

270 299 362 338 tur,
405 305 493 332 non
534 292 789 338 universum
837 299 1058 354 populum
1102 298 1446 355 intelligendum
1476 315 1585 349 esse,

268 361 343 401 sed
376 362 612 414 Heliastas,
654 381 745 408 non
785 368 952 411 divisos
993 369 1040 414 in
1081 385 1160 412 sua
1203 369 1463 418 tribunalia,
1511 372 1589 414 sed

269 427 332 470 ita
363 445 646 490 congregatos
679 441 999 497 collectosque,
1039 452 1089 483 ut
1130 440 1387 498 congregari
1420 452 1462 482 et
1492 443 1588 484 col-

268 499 347 556 ligi
379 505 599 555 solebant,
633 513 810 565 quando
842 511 1062 563 judicium
1093 511 1290 554 universi
1324 511 1476 568 populi
1509 526 1588 554 no-

267 571 390 615 mine
412 586 502 618 erat
528 580 911 634 pronuntiandum
926 584 1007 637 ¹²⁸).
1047 581 1165 625 Huic
1186 594 1444 624 commento
1465 582 1589 626 aliud

266 644 415 696 paullo
445 659 542 702 post
573 650 794 710 adjungit:
837 652 885 694 in
922 652 1147 710 plerisque
1187 653 1360 695 delictis
1391 653 1587 710 publicio

265 726 479 769 magnum
510 717 629 760 istud
663 719 854 773 Ἠλιαίας
884 723 1145 779 δικαστήριον
1176 723 1314 781 ipsius
1346 723 1501 780 populi
1535 724 1591 765 in¹

264 783 503 834 judicando
535 787 657 830 vices
678 790 954 846 sustinuisse,
987 792 1180 850 ideoque
1211 804 1253 834 et
1284 794 1373 837 ritu
1393 794 1585 839 solemni

263 858 595 916 procuratisque
626 861 864 918 prodigiis,
895 876 946 906 ut
976 862 1113 915 ipsam
1145 863 1441 912 concionem,
1475 879 1588 908 con·-

263 926 431 981 gregati
468 931 844 987 consuevisse¹²⁴).
923 938 971 977 In
1020 937 1101 977 hac
1150 933 1302 992 itaque
1351 934 1583 984 concione,

265 1008 377 1050 quae
416 1009 560 1042 tamen
603 1017 693 1045 uon
734 1019 835 1047 vera
880 1016 992 1046 esset
1030 1005 1213 1054 concio,
1255 1006 1330 1047 sed
1372 1020 1586 1062 magnum

263 1067 470 1112 Heliaeae
499 1072 747 1124 judicium,
779 1075 828 1116 in
859 1077 1047 1118 modum
1078 1076 1311 1119 concionis
1343 1090 1586 1133 congrega-

263 1147 383 1191 tum,
433 1143 617 1188 Senatus
659 1146 845 1188 nomine
887 1151 1138 1207 εἰσαγωγέων
1178 1163 1366 1198 munere
1406 1147 1586 1188 functos

264 1222 381 1259 ⁶⁵⁵8·
422 1211 449 1256 i.
482 1229 520 1258 e.
551 1230 724 1259 causam
755 1233 777 1258 a
809 1233 854 1260 se
884 1218 1006 1275 prius
1036 1219 1331 1263 examinatam
1360 1217 1585 1272 judicibus

262 1288 613 1338 cognoscendam
651 1289 885 1333 tradidisse
914 1291 1132 1332 Proedros
1165 1291 1318 1330 decem
1351 1288 1584 1331 contribu-

261 1351 322 1395 les
353 1368 457 1397 cum
487 1357 684 1412 praeside
715 1374 818 1413 suo,
859 1374 935 1401 seu
965 1360 1186 1418 Epistata,
1223 1359 1470 1418 praefuisse
1500 1375 1585 1402 au-

262 1433 354 1464 tem
385 1428 590 1481 populari
621 1429 685 1471 illi
715 1430 884 1484 judicio
908 1445 1056 1474 noven
1085 1431 1185 1472 illos
1223 1432 1433 1474 Proedros
1463 1445 1586 1472 non-

262 1495 561 1549 contribules,
605 1513 814 1559 tanquam
852 1501 1025 1557 judices
1065 1512 1182 1543 extra
1218 1513 1364 1558 partes
1394 1500 1582 1558 positos,

261 1579 364 1608 cum
395 1567 470 1609 isti
502 1571 629 1614 alteri
651 1573 918 1624 accusatoris
942 1584 1087 1630 partes
1118 1575 1405 1629 germ-cutm).
1465 1574 1586 1614 Haec

260 1638 411 1681 omnia
443 1649 530 1682 tam
560 1655 662 1684 sunt
693 1647 744 1685 ab
777 1643 901 1687 omni
931 1656 1134 1687 veterum
1165 1642 1430 1686 auctoritate
1452 1641 1584 1685 desti·

261 1717 370 1759 tuta,
403 1722 493 1753 tam
525 1712 578 1754 iis
612 1715 830 1768 omnibus,
862 1730 972 1771 quae
996 1715 1128 1757 certis
1151 1725 1353 1770 veterum
1374 1711 1584 1757 testimo-

258 1777 347 1819 niis
378 1793 603 1832 constant,
638 1785 870 1835 contraria,
903 1797 992 1827 tarn
1024 1785 1220 1843 denique
1250 1786 1363 1827 male
1393 1782 1510 1825 inter
1537 1798 1584 1826 se

258 1848 354 1906 ipsa
394 1855 670 1898 cohaerentia
710 1869 889 1914 tamque
938 1858 1145 1904 absurda,
1199 1866 1248 1896 ut
1288 1869 1421 1898 nemo
1463 1869 1581 1903 sane,

260 1920 336 1979 qui
368 1937 444 1972 ca,
477 1939 586 1981 quae
616 1941 696 1968 nos
727 1930 782 1970 de
815 1931 1040 1986 εἰσαγγελίᾳ
1071 1928 1219 1983 paullo
1250 1937 1350 1969 ante
1383 1923 1583 1982 disputa-

257 1992 430 2043 vimuS,
473 2006 638 2040 attente
674 1999 853 2056 legerit,
894 1997 1075 2041 refutari
1118 2013 1141 2040 a
1181 1997 1310 2040 nobis
1340 1995 1425 2038 ista
1457 2010 1585 2039 com-

259 2076 409 2109 menta
438 2069 660 2124 postulare
688 2069 851 2126 possit,
894 2072 970 2111 sed
1003 2068 1208 2125 explicari
1240 2067 1460 2116 fortassis,
1504 2065 1585 2124 qui

259 2137 426 2180 factum
456 2138 533 2192 sit,
572 2151 623 2182 ut
655 2140 896 2190 Luzacius,
936 2140 1007 2181 vir
1048 2139 1252 2196 alioquin
1294 2137 1581 2181 doctissimus

260 2219 304 2248 et
352 2208 458 2252 satis
503 2209 764 2271 ingeniosus
812 2209 862 2251 in
913 2213 1017 2253 tales
1069 2225 1232 2253 errores
1281 2209 1581 2252 induceretur.

259 2282 409 2323 Unum
448 2282 689 2324 commenti
730 2282 801 2326 sui
843 2295 1067 2327 auctorem
1106 2284 1262 2330 habet,
1303 2291 1380 2322 aut
1419 2281 1583 2322 habere

255 2352 406 2409 potius
436 2353 522 2397 sibi
554 2353 758 2403 videtur,
790 2352 986 2397 Suidam.
1045 2357 1085 2397 ls
1119 2353 1256 2405 enim,
1286 2353 1341 2393 de
1371 2348 1584 2409 Epistatis

304 2510 383 2554 223)
408 2509 469 2543 De
494 2509 596 2542 Socr.
623 2507 691 2543 civ.
718 2519 755 2553 p.
784 2519 860 2554 ²09·

303 2594 380 2636 124)
407 2592 500 2628 Ibid.
516 2603 551 2636 p.
571 2603 644 2626 ιιι.

299 2667 378 2707 125)
405 2661 500 2697 lbid.
525 2673 562 2708 p.
594 2673 669 2708 109.
697 2667 734 2696 et
762 2671 834 2696 in.
