1706 3058
1323 121 1406 164 145

70 232 194 276 brevi
226 239 326 286 post
355 231 578 284 tempore,
610 237 684 273 ut,
717 240 822 267 cum
864 226 1038 266 duobus
1067 225 1403 293 psephismatis,

67 300 422 358 Elaphebolione
463 309 507 340 et
545 298 860 350 Munychione
900 296 1099 351 scriptis,
1152 300 1404 353 Heropyrhi

65 388 232 418 nomen
264 370 534 426 inscriptum
567 368 641 421 sit,
671 380 784 423 post,
818 384 971 410 mense
988 370 1407 424 Scirrhophorione,

64 461 160 489 non
197 447 355 496 hujus,
413 442 490 482 sed
527 440 748 481 Nausiclis
802 455 968 482 nomen
1019 441 1065 482 iu
1104 442 1407 496 Psephismate

66 519 253 573 legatur.
317 511 487 569 Quodsi
523 511 597 552 cui
628 522 749 552 tanta
788 514 896 553 haec
926 510 1163 553 difficultas
1205 527 1298 553 esse
1328 512 1409 553 vi·-

68 591 211 635 detur,
257 596 309 626 ut
341 593 523 640 propter
546 597 642 622 eam
678 596 860 623 omnem
893 584 1010 623 hanc
1041 584 1306 624 sententiam
1345 599 1408 625 re·

68 658 341 716 pudiandam
359 664 508 710 putet;
535 654 640 694 dum
666 668 722 693 ne
742 652 870 695 istam
886 651 1082 708 priorem
1095 654 1410 698 Corsinianam

68 730 292 787 pou-iorem
317 728 478 772 credat,
514 740 594 780 ego
611 723 792 781 quidem
824 739 916 766 non
949 739 1216 781 magnopere
1247 742 1411 783 repug-

70 805 214 850 nab03
247 812 393 854 neque
426 794 549 836 enim
582 795 629 836 id
661 795 772 837 mihi
803 810 957 845 sumo,
988 807 1040 837 ut
1073 812 1169 839 eam
1200 814 1279 855 pro
1312 815 1413 841 cer-

71 886 114 916 ta
149 885 193 914 et
223 868 480 912 indubitata
525 867 778 915 xre—udinem,
823 870 899 910 sed
942 880 1088 909 tamen
1128 868 1292 910 certius
1325 870 1412 911 ali-

73 945 183 1002 quid
215 954 258 984 et
289 940 384 982 veri
416 938 612 979 similius
646 938 846 980 inveniri
865 954 994 994 posse
1027 941 1227 995 despero,
1263 953 1307 982 et
1340 944 1414 983 de·-

70 1017 347 1073 sperabunt,
390 1021 525 1066 pum,
570 1023 750 1049 mecum
793 1024 970 1060 omnes,
1018 1011 1095 1068 qui
1128 1014 1242 1053 hanc
1273 1028 1416 1068 quae..

79 1087 276 1130 stionern
312 1081 574 1139 diligentius
606 1081 911 1124 tractaverint.

159 1159 245 1200 Sed
271 1167 447 1209 tempus
480 1163 568 1202 est,
605 1166 671 1204 eo,
706 1154 827 1194 unde
856 1152 1042 1210 digressi
1066 1170 1236 1205 sumus,
1269 1173 1415 1198 rever-

71 1230 123 1274 ti.
184 1226 492 1284 Epistatarum
539 1223 678 1279 igitur
716 1223 902 1265 nomina
946 1224 993 1265 in
1036 1227 1250 1268 omnibus
1296 1230 1417 1284 apud

71 1301 424 1344 Demosthenem
447 1294 768 1351 Psephismatis
799 1311 892 1338 non
923 1297 1142 1353 adscripta
1175 1311 1308 1348 sunu
1342 1315 1420 1341 ne.

74 1387 163 1429 que
205 1381 353 1411 tamen
397 1367 615 1408 omissum
657 1381 750 1408 esse
792 1366 870 1408 illo
912 1377 1113 1423 tempore
1155 1372 1280 1412 hunc
1315 1386 1421 1413 mo..

75 1459 196 1490 rem,
238 1439 362 1483 credi
406 1444 593 1494 potest.'
630 1441 809 1494 Itaque,
851 1453 952 1480 cum
987 1440 1220 1482 Dodwelli
1262 1441 1423 1497 opinio

75 1511 257 1570 probari
301 1521 520 1565 nequeat,
572 1508 692 1549 aliud
743 1507 859 1550 nihil
899 1509 1117 1565 suspicari
1164 1526 1419 1567 possumuS,

274 1637 308 1679 1)
336 1636 610 1679 Nicomachus,
648 1635 688 1668 in
712 1634 840 1668 Pastis.

269 1697 306 1739 2)
343 1696 525 1740 Neocles,
561 1696 767 1731 Boedrom.
802 1696 836 1729 d.
872 1705 932 1740 30.
965 1705 1025 1740 ap.
1057 1697 1168 1731 Dem.
1196 1697 1245 1733 de
1271 1699 1358 1733 Cor.
1384 1711 1422 1745 p.

401 1769 480 1801 249.
507 1770 584 1802 250.

267 1817 304 1862 5)
334 1817 600 1858 Chaerondas7
630 1817 847 1852 Gamelion.
876 1817 910 1852 d.
940 1828 994 1862 25.
1017 1818 1068 1852 ib.
1094 1830 1131 1863 p.
1159 1829 1238 1863 255,

172 1877 309 1922 Plures
334 1884 462 1912 autem
497 1889 608 1923 quam
641 1884 720 1911 tres
755 1890 830 1912 uno
863 1890 961 1913 anno
997 1880 1190 1924 Eponymi
1233 1892 1430 1927 nunquam

174 1937 442 1983 reperiuntur,
481 1937 583 1984 quod
620 1935 650 1970 si
675 1939 928 1983 perspexisset
954 1939 1169 1982 Corsinius,
1195 1952 1293 1984 non,
1320 1950 1428 1987 puto,

174 1998 345 2042 priorem
371 2010 478 2032 suam
515 1997 562 2031 de
594 1998 652 2030 his
690 1998 943 2033 Archontihus
977 2002 1205 2035 sententiam
1240 2014 1327 2036 cum
1360 2003 1429 2037 ina

180 2059 397 2103 posteriore
423 2059 470 2093 de
496 2058 841 2103 Pseudeponymis,
867 2061 1157 2104 permutandam
1180 2069 1356 2107 putasset.
1383 2083 1430 2089 -—-

175 2118 360 2153 fortassis
395 2126 524 2153 autem
557 2119 630 2152 hoc
663 2119 776 2153 alicui
807 2121 948 2154 mirum
983 2121 1197 2166 videbitur,
1247 2124 1348 2169 quod
1387 2124 1431 2158 in

176 2180 283 2213 nullo
311 2191 356 2214 ex
374 2178 445 2213 hac
482 2185 606 2212 aetate
632 2180 901 2224 Psephismatis
925 2181 1029 2215 idem
1056 2183 1121 2227 qui
1145 2181 1185 2216 in
1210 2185 1329 2218 Pastis
1356 2193 1430 2222 est.

176 2240 394 2285 Eponymus
418 2240 635 2285 reperitur,
673 2240 775 2287 quod
798 2248 928 2275 tamen
961 2252 1049 2275 casu
1083 2243 1256 2278 evenisse
1280 2251 1430 2290 potest;

178 2311 266 2334 cum
298 2300 339 2333 in
378 2302 603 2345 posterioris
637 2302 769 2335 aetatis
801 2301 1071 2345 Psephismatis
1108 2305 1320 2349 consignati
1355 2308 1434 2340 sim:

178 2360 392 2405 Eponymi,
419 2362 538 2395 veluti
563 2361 789 2404 Nicodorus,
815 2362 1056 2407 Agathocles,
1084 2366 1147 2411 qui
1171 2367 1289 2402 iidem
1315 2368 1434 2402 etiam

178 2421 219 2455 in
261 2421 377 2454 Fastis
421 2429 580 2456 exstant.
644 2424 883 2468 Quamquam
918 2423 949 2456 si
983 2425 1093 2469 plura
1126 2437 1177 2460 ex
1210 2427 1268 2461 his
1305 2436 1433 2462 essenc

181 2481 291 2515 unius
317 2483 447 2526 annis,
483 2484 643 2517 forsitan
678 2483 717 2516 in
753 2483 798 2516 iis
834 2495 987 2530 quoque
1019 2486 1176 2520 suffecti
1221 2489 1433 2522 Archontes

181 2547 399 2585 exstarent,
434 2554 560 2589 neque
593 2542 780 2576 affirmari
804 2549 950 2587 potest,
987 2553 1117 2581 utrum
1142 2548 1372 2583 Arrhenides
1399 2561 1437 2580 v.

181 2613 214 2635 c.
241 2608 306 2635 aut
330 2603 534 2648 Dionysius
560 2603 711 2637 suffecti
736 2604 834 2646 sint,
870 2615 942 2639 nec
974 2619 1048 2652 ne,
1086 2609 1267 2656 quoniam
1292 2609 1337 2643 ab
1367 2608 1431 2643 Ol,

183 2661 302 2697 CXXI
307 2688 314 2696 .
350 2664 448 2700 Fasti
479 2663 618 2700 incerti
644 2670 730 2698 sunt
754 2677 798 2699 ac
821 2665 959 2703 mutili.

1117 2733 1153 2770 L
