1706 3058
1356 118 1438 175 162

96 227 153 270 ad
189 224 385 283 priorem
422 228 576 269 locum
602 227 703 268 'hoc
738 223 937 281 primum
975 219 1197 280 pertinet,
1239 222 1277 266 si
1317 223 1430 281 quid

94 307 186 339 erat
215 296 265 339 in
296 298 600 354 Psephisrnate
630 309 859 354 rogatum,
900 297 1020 352 quod
1059 311 1140 351 per
1178 298 1295 353 leges
1326 291 1427 344 fieri

91 381 186 410 non
218 368 384 412 liceret.
444 372 543 412 Hoc
573 369 696 410 enim
726 379 907 410 cautum
938 379 1031 409 erat
1060 383 1084 410 a
1107 369 1297 411 Solone:
1338 368 1429 423 Ψήῆ

90 454 223 496 φισμα
253 442 298 484 δὲ
326 442 466 496 μηδὲν,
497 440 595 495 μήτε
626 445 781 496 βουλῆς
801 438 900 495 μήτε
932 439 1079 494 δήμου,
1109 439 1242 495 νόμον
1273 440 1423 497 κυριώ-

88 528 209 568 τερον
255 510 441 564 simu).
529 516 694 569 Legem
738 514 855 552 hanc
902 512 1050 552 laudat
1098 513 1424 553 Demosthenes

88 582 139 624 in
170 583 371 625 oratione
400 585 612 626 adversus
652 582 994 633 Aristocratem‚
1036 586 1163 635 cujus
1203 582 1422 626 orationis

86 669 245 711 magna
274 669 374 710 pars
405 655 453 695 in
484 657 570 696 hoc
599 656 698 697 loco
728 666 952 704 versatum
993 670 1141 712 neque
1183 655 1334 696 minus
1373 655 1422 697 in

85 725 382 769 Androtioni·a
403 729 724 769 Demosthenes
746 738 788 768 et
816 727 864 767 in
889 725 1214 783 Ctesiphontea
1245 726 1419 769 Aeschi-

84 813 163 840 nes
197 797 245 839 id
275 797 562 854 potissimum
592 809 757 856 agunt,
798 809 849 839 ut
880 800 1206 852 demonstrent,
1247 798 1422 856 legibus

83 869 362 912 contrarium
394 885 507 918 esse,
549 872 672 926 quod
711 869 964 912 Androtion
1003 881 1136 926 atque
1167 869 1418 925 Ctesiphon

82 940 293 998 rogarint.
335 966 392 974 —
459 941 580 983 Dein
629 940 742 982 illud
784 956 964 998 quoque
1002 943 1093 983 hue
1132 941 1416 984 referendum

82 1024 166 1062 est,
193 1011 230 1053 si
261 1011 362 1069 quis
385 1012 430 1053 in
451 1011 758 1068 Psephisrnate
784 1011 1025 1054 mendacia
1054 1011 1305 1069 scripserat,
1337 1014 1415 1054 fal-

80 1083 233 1141 sisque
268 1082 516 1125 rationibus
555 1097 662 1124 usus
710 1092 822 1132 erat,
871 1093 923 1124 ut
968 1083 1250 1140 rogationem
1290 1099 1416 1126 suam.

79 1156 248 1211 populo
287 1156 645 1203 commendaret;
703 1168 794 1211 quo
835 1154 1019 1197 nornine
1070 1157 1414 1212 Ctesiphontem

75 1227 253 1268 incusat
282 1225 538 1275 Aeschines,
570 1226 816 1269 mentitum
848 1242 953 1268 eum
983 1242 1077 1269 esse
1109 1227 1276 1276 dicens,
1310 1241 1417 1269 cum

77 1297 312 1346 scriberet,
345 1297 534 1354 dignum
566 1313 658 1340 esse
675 1302 1026 1341 Demosthenem
1058 1314 1248 1341 coronae
1273 1303 1414 1341 hono-

76 1387 124 1414 re
152 1382 337 1427 propter
366 1369 564 1427 insignia
595 1369 646 1411 in
665 1371 984 1426 rempublicam
1009 1370 1188 1424 merita,
1216 1371 1417 1415 Pessime

77 1441 201 1485 enim
231 1444 355 1483 hunc
384 1455 557 1496 semper
587 1442 643 1482 cle
684 1439 871 1482 civi-tate
907 1441 1123 1484 meritum
1165 1458 1259 1484 esse
1300 1451 1415 1485 cona·⁴

76 1513 251 1563 tendit,
284 1511 663 1568 condemna-ique
693 1523 895 1568 oportere
927 1512 1289 1570 Ctesiphontem,
1331 1513 1409 1570 qui

75 1587 220 1642 legem
251 1585 375 1626 illam
405 1582 631 1640 migrarit:
673 1586 851 1638 Μηδένα
878 1588 1018 1638 ψευδῆ
1046 1586 1221 1641 γράφειν
1251 1589 1294 1629 ἐν
1323 1593 1414 1636 τοῖς-

77 1661 292 1713 δημοσίοις
319 1655 631 1710 ψηφίσμασιΜ).
701 1653 848 1696 Simili
890 1654 1207 1698 criminatione
1233 1660 1407 1698 Demo-

73 1731 254 1772 sthenes
293 1726 437 1768 utitur
475 1725 683 1768 adversus
723 1724 1060 1780 Aristocratem,
1103 1742 1206 1769 cum
1246 1728 1410 1777 chari-2

74 1803 259 1844 demum
288 1797 528 1853 indignum
559 1810 612 1838 eo
644 1799 817 1838 honore
859 1812 951 1839 esse
982 1798 1150 1855 arguit,
1192 1814 1328 1856 quem
1361 1799 1404 1841 ei

71 1871 226 1915 haberi
266 1874 454 1923 jusserat
488 1867 588 1917 ille,
641 1867 946 1924 ementitaque
991 1868 1142 1910 omnia
1193 1885 1304 1926 quae
1348 1873 1408 1915 de

71 1947 166 1996 ejus
198 1941 247 1983 in
278 1939 512 1989 civitatem
542 1939 693 1984 studio
725 1954 775 1983 ac
803 1942 1035 1983 voluntate
1062 1945 1318 1996 J'actaverat,

70 2082 288 2128 pertinere,
313 2081 381 2116 sed
404 2082 713 2129 persequendum
736 2083 854 2119 fuisse
876 2084 917 2118 in
941 2084 1015 2118 alio
1037 2083 1177 2127 judicio
1201 2095 1272 2129 per
1294 2085 1402 2133 ἐπαγ·

69 2141 210 2189 γελίαν,
252 2143 296 2176 V.
322 2154 359 2188 p.
386 2143 466 2179 600.
502 2156 555 2190 sq.
581 2144 697 2191 idque
721 2155 766 2182 ex
797 2145 843 2184 iis
867 2145 956 2191 ipsis
979 2145 1186 2180 verisimile
1210 2148 1273 2191 fit,
1305 2159 1407 2195 quae,

71 2208 201 2237 orator
231 2203 396 2248 reponit.

118 2287 179 2331 21)
211 2286 412 2322 Demosth.
446 2287 529 2323 adv.
564 2288 785 2330 Aristocrat.
816 2303 852 2337 p.
886 2292 965 2338 649.
999 2311 1045 2318 -
1091 2292 1149 2326 Ita
1181 2297 1222 2325 ut
1253 2291 1399 2336 scripsi,

70 2346 214 2391 legitur
246 2346 288 2380 in
320 2348 523 2383 Reiskiana
555 2350 744 2395 editione3
779 2352 820 2386 in
844 2352 1054 2398 prioribus:
1080 2349 1174 2398 μήτε
1197 2349 1323 2397 νόμου.
1352 2352 1401 2386 de

72 2418 147 2454 qua
169 2407 336 2441 lectione
360 2407 542 2453 disputari
565 2422 667 2444 nunc
689 2423 767 2446 non
792 2424 884 2458 opus
910 2418 978 2447 est.
997 2432 1043 2440 ·--
1078 2414 1261 2448 Ceterum
1285 2412 1400 2447 etiam

72 2467 104 2501 si
129 2479 204 2514 qua
226 2468 372 2513 rogatio
398 2470 480 2503 aliis
504 2471 818 2516 Psephismatihus
844 2474 934 2507 ratis
954 2474 1076 2510 adhuc
1092 2481 1131 2510 et
1153 2477 1291 2520 κυρίοις
1311 2485 1399 2507 con-

72 2528 190 2566 traria
214 2535 342 2573 erant,
369 2529 599 2577 παρανόμων
621 2534 788 2567 accusari
811 2541 959 2579 poterat
990 2537 1112 2580 lator,
1144 2536 1246 2585 quod
1269 2533 1399 2580 colligi

70 2595 192 2635 potest
216 2600 261 2623 ex
285 2596 377 2624 orat.
405 2591 453 2624 de
476 2592 655 2628 Halones.
687 2606 724 2640 p.
750 2600 807 2634 82.
833 2600 890 2640 83.

117 2673 174 2718 ει)
199 2672 372 2708 Aesohiu.
398 2673 481 2708 adv.
507 2674 740 2722 ctesiphont.
766 2688 804 2723 p.
829 2690 910 2726 439.
