1706 3058
249 86 337 132 558

259 201 576 251 saepenumero
606 184 811 233 recessit,
853 182 1096 240 multisque
1133 180 1320 225 honoris
1350 196 1480 227 causa
1509 178 1580 226 ci-

259 266 376 313 vitas
408 266 504 304 data
536 269 603 300 est
634 268 884 300 exterarum
905 266 948 297 et
974 255 1319 314 longinquarum
1342 254 1581 303 civitatum

259 333 539 395 principibus
571 328 858 385 regibusque,
900 320 1091 383 quorum
1124 324 1324 381 plerique
1363 340 1421 366 ne
1448 325 1582 368 vide-

260 420 357 456 rant
400 404 581 460 quidem
623 402 835 447 Athenas,
867 399 1031 440 nedum
1073 397 1221 440 sedem
1262 394 1327 436 ibi
1368 397 1585 439 colloca·-

261 483 426 534 sent³⁹).
487 475 698 516 Ceterum
730 472 783 511 de
814 470 1005 525 roganda
1036 469 1398 523 decernendaque
1427 465 1474 506 in
1506 479 1585 508 co-

261 548 401 592 mitiis
433 546 610 588 civitate
639 546 771 584 hasce
801 541 949 596 legum
967 538 1337 595 praescriptiones
1368 552 1391 578 e
1423 540 1585 579 Demo-

262 622 437 668 sthene,
467 617 537 657 vel
561 611 764 670 quisquis
797 622 876 659 est,
910 610 987 666 qui
1010 607 1260 652 orationem
1287 609 1336 650 in
1368 611 1587 651 Neaeram

262 688 468 745 scripsit,
500 683 810 741 cognoscimus
824 681 895 736 ⁴0.)
1256 727 1268 734 .

347 759 549 803 Primum
587 769 679 797 non
708 751 841 794 licuit
871 749 1018 792 civem
1062 749 1157 795 fieri
1199 750 1289 792 nisi
1333 766 1462 806 eum,
1494 749 1587 830 ‘qui

263 830 430 876 virtute
461 840 504 870 et
534 824 705 869 meritis
737 822 786 864 in
817 820 1142 877 rempublicam
1172 820 1358 878 dignum
1390 836 1434 863 se
1465 819 1589 864 civi-
1616 846 1623 862 ι

264 915 355 948 tate
396 897 701 958 praestitisset.
776 898 931 950 ltaque
971 892 1020 933 in
1053 891 1429 947 Psephismatibus
1460 891 1590 941 indi-7

265 972 356 1019 cari
388 972 575 1017 solebat,
619 982 705 1024 qua
746 965 938 1022 quisque
969 978 1095 1005 causa
1128 963 1355 1004 civitatem
1388 977 1590 1005 comme·-

265 1044 448 1090 ruisset,
488 1052 553 1087 et,
594 1038 632 1080 si
671 1036 858 1096 indigno
890 1037 986 1076 data
1031 1046 1164 1082 esset,
1202 1033 1450 1091 impugnari
1485 1037 1592 1076 Pse-

264 1116 436 1174 phisma
466 1126 490 1152 a
530 1106 691 1165 quovis
733 1106 832 1147 cive
862 1116 1059 1161 poterat,
1101 1116 1144 1146 et
1174 1105 1311 1163 γραφὴ
1340 1105 1591 1160 παρανόμων

265 1183 460 1237 institui.
529 1182 664 1223 Porro
703 1177 751 1217 in
787 1175 908 1218 binis
950 1175 1147 1217 comitiis
1188 1175 1331 1232 rogari
1373 1177 1593 1232 populum

268 1259 323 1299 de
353 1253 534 1296 civitate
566 1250 710 1290 danda
741 1245 966 1303 oportuit3
996 1261 1163 1300 neque,
1203 1245 1241 1286 si
1285 1246 1332 1287 in
1362 1246 1592 1302 prioribus

270 1329 368 1370 data
401 1333 535 1368 esset,
567 1329 713 1362 ratum
744 1327 973 1372 propterea
1006 1326 1098 1356 erat
1130 1318 1382 1365 decretum,
1421 1316 1510 1358 nisi
1540 1315 1591 1358 in

270 1391 596 1453 posterioribus
627 1402 702 1430 sex
742 1385 867 1428 mille
896 1387 1015 1427 haud
1044 1385 1195 1428 minus
1225 1387 1346 1428 cives
1372 1386 1596 1444 suffragiis

271 1467 363 1514 suis
395 1463 769 1519 comprobassent.
829 1458 1042 1514 Suffragia
1073 1469 1221 1499 autem
1252 1470 1375 1500 erant
1404 1459 1593 1501 calculo·

271 1554 394 1589 rum,
439 1535 777 1585 ferebanturque
816 1530 1014 1578 occulte,
1075 1541 1307 1585 antequam
1345 1530 1480 1586 septis
1520 1523 1591 1572 vel
1691 1528 1706 1567 »ἱ

273 1608 488 1654 cratibus,
531 1603 694 1660 quibus
736 1600 903 1643 occlusi
936 1611 1062 1641 erant
1101 1599 1278 1641 comitii
1314 1601 1480 1653 aditus,
1523 1616 1594 1643 re-

273 1678 408 1721 motis
439 1689 570 1732 atque
599 1671 797 1721 sublatis,
829 1671 1052 1727 peregrini
1085 1686 1277 1728 quoque,
1309 1671 1348 1713 si
1373 1672 1451 1728 qui
1467 1687 1594 1730 agere

274 1763 377 1792 cum
408 1748 574 1804 populo
604 1747 796 1791 vellent,
837 1741 1318 1798 intromitterentur⁴¹).

360 1818 450 1875 Qui
482 1820 566 1858 hoc
595 1817 733 1857 modo
765 1813 812 1854 in
845 1811 1074 1853 civitatem
1106 1813 1269 1870 recepti
1300 1826 1442 1865 erant,
1471 1814 1595 1857 dice-

275 1893 437 1934 bantur
468 1889 734 1943 ὒημοποιητοί
755 1895 799 1925 et
832 1897 973 1938 aequo
1008 1896 1133 1925 erant
1154 1899 1257 1926 cum
1277 1885 1499 1941 indigenis
1531 1888 1596 1928 ci-

275 1962 404 2005 vibus
446 1964 566 2012 jure,
609 1967 910 2014 praeterquam
955 1955 1077 2009 quod
1108 1955 1306 1997 tribubus
1338 1955 1520 2012 quidem
1551 1968 1596 2000 et

277 2031 428 2079 curiis,
461 2045 552 2072 non
586 2039 734 2070 autem
762 2022 970 2081 phratriis
991 2035 1035 2065 et
1054 2025 1260 2082 gentibus
1291 2027 1593 2074 adscribeban-

278 2115 374 2151 tur,
406 2115 550 2158 neque
580 2100 818 2141 Archontes
849 2094 944 2136 fieri
975 2106 1050 2138 aut
1070 2096 1312 2140 sacerdotia
1333 2111 1484 2154 capere
1514 2113 1595 2156 po·

324 2266 382 2310 39)
408 2263 608 2298 Perdiccae
633 2260 909 2302 Macedonum,
945 2260 1056 2305 Cotyi
1079 2260 1268 2294 Thracum
1299 2262 1473 2308 regibus,
1507 2263 1593 2298 Me·

277 2326 365 2359 noni
391 2324 600 2365 Pharsatim
629 2322 877 2362 Charidemo,
905 2321 1052 2362 Sitalci,
1079 2321 1233 2362 Sadoci,
1258 2321 1368 2365 Teri,
1397 2323 1593 2357 Cersoble·

278 2391 391 2431 ptae,
418 2384 607 2426 Leuconi‚
635 2383 813 2427 Dionysio
840 2383 1083 2426 Syracusano,
1110 2382 1305 2426 Euagorae
1330 2383 1468 2429 Cyprio
1492 2381 1594 2417 aliis-

275 2458 358 2494 que.
385 2445 464 2479 vid.
493 2445 555 2490 qui
573 2443 770 2477 laudantur
793 2454 814 2476 a
838 2442 1062 2487 Spauhemio
1094 2442 1120 2477 l.
1146 2442 1171 2476 l.
1197 2454 1234 2489 p.
1259 2455 1293 2489 9.

317 2534 377 2573 40)
405 2529 509 2562 Orat.
534 2527 573 2561 in
599 2529 733 2561 Neaer.
760 2538 796 2571 p.
837 2536 934 2573 1355.

313 2616 374 2657 41)
401 2611 458 2646 Cf.
484 2611 547 2646 h‘h.
574 2612 604 2646 1.
630 2621 710 2655 cap.
737 2622 771 2654 4.

1684 1669 1706 1906 ξ

1688 1911 1706 2259 ἒ
