1706 3058
194 141 229 177 ’.ι
238 128 293 173 88

210 247 288 280 aut
318 234 573 293 βουλεύσεως
599 231 821 275 accusatio
852 242 943 275 erat
962 233 1184 291 γραφή4’),
1213 246 1355 292 poena
1383 222 1533 280 autem

207 307 428 364 legitima,
461 317 510 347 ut
542 305 578 346 is
597 335 607 352 ,
640 303 718 361 qui
750 306 936 346 alterum
966 305 1074 346 falso
1106 305 1223 346 inter
1253 307 1440 350 aerarios
1461 308 1544 350 re-'

207 378 364 421 tulisse
403 375 632 417 convictus
672 386 807 424 esset,
854 374 948 431 ipse
988 379 1082 428 ejus
1124 377 1225 418 loco
1263 375 1534 420 inscribere..

206 454 358 500 turm).
420 447 723 502 Ἀπροστασίου
764 446 984 489 accusatio
1033 447 1173 504 γραφή
1221 458 1335 495 erat,
1388 462 1534 504 poena

209 520 478 571 servitusss).
545 516 811 575 Ἀστρατείας
857 516 1072 574 denique,
1121 522 1404 572 λειποταξίου,
1454 524 1536 564 det·

209 595 296 641 λίας
326 600 450 631 erant
479 593 657 646 γραφαί,
696 602 840 645 poena
881 599 1030 630 autem
1069 588 1330 645 infamia⁵²).
1391 592 1535 647 Atque

205 663 312 705 haec
340 659 469 708 satis,
509 660 691 716 opinor,
735 662 1064 711 demonstrant,
1109 677 1199 702 non
1238 662 1285 703 in
1325 661 1534 705 omnibus

207 740 384 791 γραφαῖς
412 745 604 787 poenam
644 733 696 772 ab
737 741 988 772 accusatore
1029 731 1348 774 aestimandam
1387 731 1533 774 fuisse.

206 811 298 851 Jam
331 817 486 846 eorum
520 800 814 849 delictorum,
857 800 906 842 in
938 801 1098 856 quibus
1130 805 1354 861 εἰσαγγελία
1382 804 1535 844 locum

207 879 404 923 haberet,
437 887 627 930 poenam
655 887 750 914 non
773 886 946 928 semper
975 872 1147 930 legibus
1178 873 1406 916 definitam
1429 872 1536 915 fuis-

207 965 278 998 se,
313 963 361 990 ea
390 946 486 1002 ipsa
527 945 794 992 ostendunt,
838 959 948 1000 quae
989 946 1042 986 de
1083 944 1536 987 extraordinariorum

209 1018 456 1064 criminum
486 1014 658 1057 ratione
689 1029 712 1055 a
742 1014 876 1056 nobis
909 1014 1130 1071 disputata
1155 1027 1274 1058 sunt.
1337 1020 1537 1059 Fuerunt

208 1092 330 1135 enim
361 1090 436 1130 illa
466 1098 543 1128 aut
573 1101 674 1128 vere
705 1085 941 1142 inscripta,
974 1088 1160 1143 ἄγραφα,
1192 1088 1244 1128 de
1275 1087 1438 1143 quibus
1469 1087 1535 1128 ui·

206 1164 274 1208 hil
315 1157 589 1204 nominatim
630 1157 679 1200 in
726 1157 900 1213 legibus
942 1158 1239 1200 constitutum
1281 1169 1417 1209 esset,
1459 1170 1538 1200 aut

203 1249 298 1278 non
330 1231 512 1289 quidem
541 1243 719 1285 prorsus
765 1228 1001 1284 iuscripta,
1043 1232 1119 1271 sed
1160 1240 1310 1271 tamen
1343 1241 1538 1272 extraor-

210 1304 410 1352 dinaria,
442 1301 488 1344 id
524 1312 590 1344 est
620 1305 783 1353 majora
815 1311 947 1354 atque
978 1300 1192 1356 graviora,
1223 1316 1355 1357 quam
1387 1312 1438 1343 ut
1470 1316 1537 1343 or·

208 1375 381 1420 dinario
412 1374 546 1414 modo
577 1372 883 1428 persequenda
915 1382 958 1412 et
988 1371 1257 1413 vindicanda
1288 1387 1380 1414 esse
1411 1371 1535 1414 vide-

206 1460 372 1492 rentur.
430 1448 582 1498 Itaque
613 1456 800 1497 poenam
832 1453 908 1483 aut
937 1444 990 1485 ab
1022 1453 1169 1484 actore
1199 1441 1435 1492 aestimari,
1463 1457 1539 1484 aut

208 1537 233 1564 a
264 1523 430 1563 Senatu
459 1516 531 1557 vel
571 1514 740 1570 populo
782 1524 860 1555 aut
898 1528 922 1554 a
951 1513 1123 1565 judicio
1156 1512 1372 1555 constitui
1403 1527 1539 1570 opor.-

207 1595 353 1638 tcbat3
394 1603 479 1646 qua
513 1588 567 1629 de
608 1600 653 1626 re
684 1584 802 1626 infra
834 1584 1076 1626 dicendum
1108 1583 1205 1630 erit.

288 1667 405 1715 sam,
456 1671 508 1700 ut
557 1659 611 1698 ad
667 1654 989 1699 Grammaticos
1031 1666 1207 1697 nostros
1247 1667 1535 1707 revertamur,

203 1734 311 1779 satis
340 1730 629 1790 perspicuum
660 1741 754 1769 csse
784 1737 920 1783 puto,
953 1738 995 1768 et
1026 1725 1137 1782 quid
1168 1726 1281 1768 illud
1310 1727 1382 1776 sit,
1415 1729 1536 1784 quod

208 1809 388 1854 dicunt,
440 1803 685 1858 εἰσαγγελίαν
727 1797 864 1839 fuisse
901 1804 981 1840 τῶν
1024 1796 1222 1854 ἀγράφων
1262 1797 1535 1853 ἀδικημάτων,

208 1890 255 1920 et
286 1887 502 1935 quatenus
524 1888 571 1915 ea
604 1869 810 1913 definitio
834 1883 934 1911 vera
955 1868 1025 1910 sit.
1084 1867 1300 1910 Videlicet
1319 1868 1368 1910 in
1393 1868 1535 1911 omni-

208 1953 293 1992 bus
333 1945 525 2004 publicis
567 1939 799 1985 maleficiis
851 1938 1082 1996 inscriptis
1122 1943 1344 1997 εἰσαγγελία
1382 1942 1535 1983 locum

203 2021 404 2068 habebat,
435 2030 528 2058 non
557 2025 706 2056 autem
738 2011 811 2053 illa
841 2014 931 2054 sola
964 2022 1086 2053 erant
1117 2022 1159 2052 et
1187 2021 1408 2067 praeterea
1437 2013 1534 2053 nul·

201 2094 268 2144 la,
298 2090 347 2132 in
377 2087 539 2146 quibus
569 2088 720 2128 locum
751 2085 943 2127 haberet.
1007 2086 1128 2139 Quin
1161 2097 1292 2124 nemo
1324 2093 1410 2132 est,
1453 2081 1533 2140 qui

204 2177 299 2205 non
320 2175 399 2203 sua
419 2170 577 2216 sponte
603 2154 838 2213 intelligat,
870 2156 1014 2196 multo
1038 2153 1262 2197 rarissima
1294 2169 1387 2197 esse
1407 2168 1536 2211 opor-

253 2289 314 2334 49)
348 2285 480 2320 Pollux
510 2286 616 2319 VIII.
642 2295 699 2328 40.
725 2294 781 2327 45.
809 2288 847 2316 et
870 2282 921 2316 ibi
947 2283 1090 2326 Interp.

254 2359 315 2403 50)
342 2353 540 2390 Demosth.
567 2353 647 2388 adv.
674 2351 917 2396 Aristogiton.
945 2363 981 2396 p.
1009 2363 1086 2397 792.
1118 2356 1157 2384 et
1190 2350 1321 2384 Liban.
1358 2349 1398 2383 in
1424 2359 1534 2395 argu-

208 2424 325 2459 ment.
352 2429 388 2462 p.
423 2415 502 2461 769.
646 2455 651 2462 ¹

250 2491 310 2533 51)
344 2485 480 2525 Pollux
511 2484 616 2518 VIII.
656 2492 713 2528 35,
755 2481 949 2517 Demosth.
985 2482 1009 2517 l.
1035 2482 1060 2516 l.
1088 2493 1124 2527 p.
1150 2493 1228 2528 79⁰·
1262 2479 1328 2515 ubi
1350 2478 1392 2513 in
1424 2478 1529 2519 editt.

206 2549 348 2594 legitur
371 2545 610 2582 ἀποστασίου.
659 2543 733 2578 Sed
751 2539 999 2588 ἀπροστασίου
1023 2542 1227 2589 legendum
1244 2552 1326 2578 esse
1348 2542 1424 2584 jam
1448 2539 1532 2575 Val—

211 2608 408 2644 ckenarius
431 2605 546 2645 vidit,
571 2604 618 2638 ad
640 2605 814 2638 Ammon.
841 2615 876 2648 p.
907 2616 958 2649 ¹9·

257 2679 313 2721 52)
342 2674 515 2710 Aeschin.
543 2673 622 2708 adv.
652 2672 884 2719 ctesiphont.
923 2684 959 2718 p.
994 2673 1071 2717 566.
