1706 3058
1346 108 1427 151 297

71 186 76 188 ³
115 199 361 244 sententiae
413 198 653 255 Inscriptio
691 210 852 242 nostra.
933 199 1137 242 Dubium
1176 200 1296 243 enim
1335 217 1427 245 esse

113 269 293 326 nequit,
338 271 446 326 quin
477 280 595 311 extra
628 270 831 312 ordinem
863 272 1033 313 factum
1068 272 1153 321 sit,
1192 284 1244 314 ut
1275 275 1429 316 Helle-

113 340 347 389 notamiis,
400 339 691 388 Sacrificulis‚
743 340 1086 398 imperatoribus
1121 357 1142 385 e
1173 356 1294 387 sacro
1336 345 1429 388 Mi-

112 426 272 453 nervae
311 411 475 454 aerario
512 411 731 467 pecuniae
760 415 811 454 ab
854 416 946 464 ejus
976 416 1092 454 Deae
1124 416 1427 470 quaestoribus

110 493 470 530 numerarentur,
521 494 772 538 propterea,
825 485 946 538 haud
976 484 1138 533 dubie,
1182 489 1302 541 quod
1342 488 1428 534 alia

114 552 298 602 aeraria,
338 553 502 609 quibus
534 553 734 610 alioquin
765 554 828 595 illi
859 566 1032 596 sumtus
1073 555 1265 597 faciendi
1295 570 1430 614 erant,

112 627 320 666 exhausta
349 624 427 666 illo
461 636 657 681 tempore
688 626 880 667 fuerunt.
937 626 1314 669 Extraordinarias
1348 645 1430 671 au-

111 708 202 739 tem
241 695 461 751 ejusmodi
499 696 776 753 erogationes
821 696 1003 739 nonnisi
1049 697 1204 756 populi
1253 700 1430 742 decretov

113 765 207 808 fieri
236 766 437 823 potuisse
467 779 658 825 apparet.

541 1050 874 1098 CAPUT
935 1055 999 1104 X,

411 1161 542 1204 De
657 1160 1114 1207 Sacris.

192 1336 261 1375 De
291 1331 425 1374 sacris
460 1346 640 1389 quoque
670 1348 773 1375 cum
804 1335 973 1390 populo
998 1345 1146 1376 actum
1165 1350 1257 1379 esse
1287 1339 1429 1382 Julius

107 1405 268 1448 Pollux
305 1408 551 1455 testatur¹).
612 1406 728 1446 Nam
766 1416 999 1461 postquam
1040 1407 1265 1462 exposuit,
1318 1426 1431 1465 quae

109 1491 255 1518 rerum
286 1490 446 1533 genera
475 1475 698 1532 prioribus
722 1475 862 1517 tribus
894 1477 1086 1520 eeclesiis
1109 1479 1345 1522 ordinariis
1369 1497 1430 1523 as·

108 1549 272 1604 signata
294 1547 473 1598 fuerint,
506 1547 554 1588 in
577 1558 726 1604 quarta
749 1548 1047 1591 consultatum
1069 1564 1163 1591 esse
1195 1550 1307 1592 dicit
1336 1557 1431 1609 περὶ

110 1624 230 1676 ἷεραῖν
250 1622 319 1663 καὶ
340 1618 476 1673 ὁσίων,
509 1622 631 1676 quod
663 1635 895 1676 perperam
928 1620 980 1659 ab
1011 1619 1252 1677 interprete
1283 1623 1429 1664 verti-

110 1701 205 1732 tur:
237 1690 292 1732 cle
321 1692 467 1736 sacris
499 1699 544 1734 et
573 1692 757 1735 sanctis.
819 1693 975 1733 Solent
1006 1689 1126 1732 enim
1158 1680 1328 1735 duobus
1360 1695 1431 1737 his

108 1761 254 1803 verbis
274 1762 526 1816 conjunctis
546 1762 783 1819 scriptores
807 1777 855 1803 ea
866 1761 1018 1804 omnia
1041 1762 1280 1820 designare,
1311 1781 1432 1810 sacra

107 1833 394 1888 profanaque,
428 1833 580 1881 divina
609 1845 653 1875 et
671 1836 879 1887 humana,
912 1848 1105 1890 quorum
1129 1833 1245 1891 inter
1274 1851 1429 1882 omnes

109 1904 230 1945 cives
261 1904 523 1946 communio
555 1917 620 1947 est
649 1918 777 1962 atque
807 1903 1010 1957 societas,
1042 1919 1326 1962 quorumque
1357 1912 1429 1951 vel

110 1977 306 2026 fructus,
335 1977 405 2018 vel
439 1977 594 2023 tutela,
626 1976 698 2015 vel
730 1974 1055 2017 administratio
1087 1977 1140 2017 ad
1173 1991 1326 2021 omnes
1357 1996 1433 2022 ae-

110 2045 350 2104 quabiliter
393 2046 658 2104 pertinet²);
708 2045 958 2101 cujusmodi
1001 2057 1104 2088 sunt
1145 2063 1186 2094 v,
1228 2063 1265 2091 c.
1311 2065 1430 2096 sacra

156 2204 190 2246 1)
223 2204 328 2237 VIII.
362 2203 418 2249 96.

156 2273 190 2315 2)
217 2274 278 2306 Ita
299 2285 332 2306 v.
362 2284 393 2306 c.
419 2272 458 2304 in
481 2271 736 2316 Psephismate
761 2271 807 2306 de
831 2272 981 2306 civitate
999 2272 1314 2318 Psephismatihus
1341 2276 1430 2311 dan<

109 2334 177 2376 da,
204 2346 262 2379 ap.
288 2333 486 2369 Demosth.
515 2345 567 2367 or.
592 2332 632 2365 in
655 2333 789 2367 Neaer.
828 2345 864 2378 p.
895 2339 1016 2378 1380.,
1041 2334 1200 2379 legitur:
1228 2340 1289 2370 καὶ
1311 2341 1429 2381 μηρῖ.

109 2408 173 2430 ναι
198 2391 341 2437 αὖτοῗς,
367 2390 487 2439 ὦνπερ
511 2391 729 2438 Ἀθηναίοις
745 2397 912 2440 μέτεστι,
946 2391 1117 2436 πάντων,
1149 2398 1210 2429 καὶ
1234 2392 1343 2439 ἱερῶν
1366 2401 1428 2431 καὶ

113 2452 237 2493 ὁσίων,
280 2455 329 2488 Et
352 2456 391 2488 in
414 2457 496 2498 jure
520 2454 676 2498 jurando
702 2455 966 2500 Ephehorum,
993 2465 1051 2498 ap.
1077 2454 1294 2497 Pollucem,
1321 2457 1426 2490 VIII.

113 2527 210 2560 105.:
237 2512 383 2561 Ἀμυνῶ
406 2513 443 2551 δὲ
466 2520 527 2552 καὶ
555 2513 644 2561 ιῖπὲρ
669 2513 776 2561 ἱερῶν
799 2520 860 2551 καὶ
883 2514 975 2560 ν’πὲρ
1003 2512 1126 2553 ὁσίων,
1174 2515 1346 2555 Aliorum
1368 2528 1429 2550 ex-

108 2576 324 2620 emplorum
355 2577 496 2611 affatim
528 2575 716 2621 congessit
755 2577 915 2621 Taylor.
952 2574 998 2608 ad
1039 2575 1210 2609 Aeschin.
1247 2574 1327 2607 adv.
1368 2575 1429 2608 Ti—

110 2637 252 2671 march.
279 2649 315 2683 p.
331 2642 386 2682 48.
414 2639 592 2673 Ceterum
615 2637 738 2672 vax-iae
764 2642 851 2679 sunt
874 2636 980 2672 verbi
1005 2632 1101 2674 ὅσιος
1125 2635 1427 2681 significationes,
