1706 3058
260 109 341 152 503

343 219 529 261 Necesse
569 219 709 275 igitur
747 231 863 269 erat,
915 231 1164 278 conventus
1205 214 1397 266 subinde
1433 222 1485 262 ab
1527 219 1585 263 iis

258 289 436 338 haberi,
470 289 517 330 in
551 290 714 345 quibus
747 293 801 332 de
832 292 961 332 rebus
993 290 1084 332 suis
1115 292 1399 332 consulerent
1418 302 1461 332 et
1480 290 1587 332 uni..

257 359 477 401 versitatis
511 376 617 402 suae
649 362 831 419 negotia
854 372 1114 411 tractarent3
1147 372 1277 416 atque
1306 361 1351 402 hi
1382 373 1501 416 sunt,
1531 363 1585 404 de

259 429 424 486 quibus
456 446 578 473 nuuc
609 431 755 474 dicere
786 433 1082 476 instituimus.
1143 436 1258 475 Nam
1289 432 1357 473 illi
1386 433 1586 489 quidem,

260 501 337 556 qui
380 516 606 544 sacrorum
646 504 959 545 communium
1001 518 1131 546 causa
1170 506 1221 543 ab
1266 502 1320 543 iis
1371 503 1584 544 celebrari

259 575 481 626 solebant,
530 574 697 616 diversi
736 586 841 616 sunt
879 573 1050 631 generis
1093 584 1136 614 et
1187 573 1378 616 consilio
1429 586 1584 616 nostro

258 645 415 686 aliena.
476 647 560 687 Sed
593 645 886 701 phratriarum
907 644 1198 701 gentiumque
1217 655 1464 686 conventus
1492 659 1586 686 non

257 718 350 771 {ere
382 714 471 758 nisi
505 731 732 758 sacrorum
765 731 895 758 causa
926 715 1090 768 habiti3
1122 714 1297 758 minora
1319 727 1467 756 autem
1498 717 1584 757 col-

258 787 393 843 legia,
426 787 565 828 veluti
596 799 916 835 mercatorum,
951 798 1204 835 nautarum,
1240 787 1484 843 opificum,
1518 797 1585 828 et-

259 858 387 900 iamsi
418 858 515 899 aliis
549 860 603 900 de
635 858 776 899 causis
819 870 1068 900 conventus
1109 873 1234 914 agere
1268 858 1493 914 solebant,
1513 884 1515 889 ι
1538 855 1600 897 hi-

258 943 407 972 tamen
440 929 590 987 {ninus
620 932 672 970 ad
704 929 1028 985 rempublicam
1061 928 1364 981 pertinebant3
1400 921 1584 984 quapro-

258 1015 354 1055 pter
394 1004 472 1042 hos
517 1016 696 1057 quoque
733 1004 818 1042 hoc
856 1002 956 1042 loco
1001 1000 1415 1056 praetermittendos
1456 999 1587 1040 duxi-

258 1088 373 1118 mus,
440 1076 623 1115 Restant
661 1071 797 1128 igitur
836 1071 977 1113 tribus
1024 1082 1068 1112 et
1109 1071 1280 1119 curiae,
1320 1069 1370 1110 in
1401 1084 1588 1126 quarum

259 1146 571 1188 couventubus
602 1158 695 1184 uon
729 1158 848 1191 sacra
878 1143 1022 1184 solum
1066 1141 1250 1191 fiebant,
1293 1143 1369 1183 sed
1409 1141 1587 1197 negotia

259 1230 439 1272 quoque
460 1214 715 1256 communia
741 1216 1062 1266 tractabantur,
1093 1227 1236 1267 neque
1269 1227 1316 1252 ea
1348 1214 1492 1253 solum
1512 1227 1589 1255 ne-

259 1287 398 1343 gotia,
429 1300 539 1342 quae
570 1288 622 1325 ad
653 1285 850 1340 singulas
880 1282 1164 1340 peculiariter
1196 1282 1336 1323 tribus
1368 1293 1410 1323 et
1441 1282 1586 1324 curias

259 1368 533 1414 spectarent,
581 1358 659 1398 sed
697 1357 837 1398 multa
878 1354 1039 1401 etiam,
1085 1366 1196 1407 quae
1235 1367 1338 1394 cum
1378 1352 1589 1394 universa

260 1427 486 1485 republica
535 1431 772 1480 conjuncta
825 1436 983 1467 essent.
1062 1427 1130 1465 De
1180 1422 1393 1478 utrisque*
1430 1422 1584 1480 igitur,

261 1511 479 1559 quantum
510 1510 788 1555 compertum
819 1496 948 1538 nobis
981 1506 1070 1543 est,
1102 1507 1389 1549 exponemUS.

345 1571 546 1614 Primum
577 1571 717 1627 igitur
750 1569 948 1610 tribuum
981 1564 1202 1611 antistites
1242 1577 1375 1622 atque
1407 1577 1588 1608 curato-

261 1659 330 1686 res
363 1659 385 1685 a
415 1642 504 1684 suis
532 1641 700 1699 quique
724 1639 963 1682 tribulibus
986 1638 1257 1680 creabantur.
1315 1641 1457 1692 Atque
1478 1635 1588 1678 anti-

262 1714 486 1772 quissimis
520 1713 701 1770 quidem
734 1711 1034 1767 temporibus,
1067 1718 1168 1748 ante
1199 1718 1415 1748 mutatam
1445 1722 1469 1749 a
1499 1705 1588 1749 Cli·

263 1789 418 1827 sthene
451 1784 650 1826 tribuum
683 1781 1039 1837 descriptionem,
1073 1791 1264 1835 quatuor
1295 1789 1417 1820 erant
1452 1784 1584 1822 Φυλο-

268 1863 472 1915 βασιλεῐς,
513 1872 566 1897 ex
604 1853 858 1911 Eupatridis
897 1852 1094 1906 creati2),
1128 1850 1208 1908 qui
1239 1864 1465 1892 sacrorum
1495 1848 1585 1890 im-

262 2029 302 2056 et
332 2021 549 2055 Heraldum.
609 2019 687 2053 Vid.
732 2018 883 2053 Salmas.
919 2017 964 2051 de
996 2017 1095 2050 mod.
1132 2027 1232 2050 usur.
1260 2027 1340 2060 cap.
1368 2025 1401 2058 3.
1427 2013 1585 2048 Herald.

266 2083 375 2117 obss.
405 2088 444 2115 et
467 2081 649 2115 Emendd.
677 2090 756 2124 cap.
783 2090 855 2123 42„
880 2077 919 2111 in
942 2077 1121 2111 Euerard.
1151 2077 1303 2111 Ottonis
1334 2075 1514 2109 Thesaur.
1549 2077 1581 2110 J.

261 2143 307 2175 R.
335 2143 440 2176 Tom.
469 2144 518 2176 II.
545 2154 580 2187 p.
610 2142 706 2185 1364.
756 2140 906 2173 Salmas.
935 2139 1042 2172 Obss.
1069 2138 1116 2171 ad
1141 2139 1169 2171 J.
1204 2138 1244 2170 A.
1281 2141 1318 2169 et
1349 2136 1394 2168 R.
1421 2145 1511 2179 cap.
1545 2124 1582 2179 4.

262 2203 413 2236 Herald.
442 2202 632 2236 Animadv.
659 2201 723 2234 lib.
762 2201 812 2234 II.
843 2210 921 2243 cap.
963 2211 976 2232 1
1004 2219 1048 2224 —
1073 2210 1103 2242 3.
1131 2197 1346 2240 Dijudicata
1377 2195 1471 2228 haec
1494 2204 1587 2228 con-

264 2264 446 2297 troversia
477 2265 612 2308 partim
647 2262 692 2296 ab
725 2261 807 2295 aliis
842 2267 920 2302 est,
951 2260 1090 2304 partim
1124 2270 1144 2291 a
1169 2255 1500 2303 Bynkershoekio,
1541 2255 1584 2289 in

266 2323 374 2358 Obss.
395 2326 425 2357 J.
452 2324 495 2358 R.
523 2324 584 2358 lib.
614 2325 642 2357 Ι.
670 2334 750 2368 cap.
779 2322 850 2365 16.,
885 2321 929 2354 ad
955 2332 1068 2365 quem
1092 2329 1191 2352 nunc
1216 2316 1310 2351 mihi
1334 2315 1457 2350 lector
1480 2315 1583 2350 able-

263 2384 405 2428 gandus
433 2391 499 2419 est.
550 2385 742 2418 Tractavit
765 2383 861 2416 lianc
885 2383 1011 2427 legem
1036 2381 1149 2415 etiam
1175 2378 1337 2419 Potitus,
1365 2376 1479 2421 Legg.
1506 2376 1582 2408 Att.

262 2456 297 2489 p.
332 2455 421 2489 524,
457 2445 518 2479 uhi
553 2446 598 2478 cf.
636 2444 857 2488 Wesseliug.
895 2444 1069 2476 Ceterum
1102 2452 1178 2474 non
1211 2438 1356 2473 Solonis
1382 2447 1466 2471 eam
1489 2435 1584 2470 mihi

263 2516 345 2539 esse
369 2505 488 2540 vIderi
503 2532 511 2548 ‚
539 2506 611 2539 dixi
634 2516 755 2550 supra.

310 2597 345 2639 2)
373 2599 517 2642 Pollux,
553 2600 656 2634 VIII.
694 2609 768 2632 ιιι.
802 2594 964 2642 Hcsycli.
990 2595 1030 2629 in
1064 2590 1333 2639 Φυλοβασιλεῖς.
1360 2590 1513 2626 Photius
1537 2589 1578 2625 in

261 2661 486 2707 Ναυκραρία.
