1706 3058
269 158 322 217 96

270 263 468 307 schines:
492 265 680 319 ἐκκλησία
702 268 850 320 γίνεται
868 267 910 309 ἐν
928 258 955 323 ᾖ
971 269 1242 320 Δημοσθένης
1262 267 1449 324 λαγχάνει
1469 286 1591 326 πραε-

268 335 439 391 δρεύειν.
502 336 646 389 Atque
680 338 1027 378 Demosthenem
1059 336 1136 378 illo
1168 347 1368 394 tempore
1393 353 1537 382 unum
1567 355 1592 383 e

265 405 529 460 l’rytanibus
545 404 676 446 fuisse
690 405 994 461 probavimus,
1019 422 1211 463 quorum
1231 411 1607 476 npoedpcmsepte3

267 492 428 520 norum
455 486 578 516 eraut
600 475 788 519 dierum.
849 482 906 521 Et
928 478 1084 535 quidni
1106 478 1164 520 ita
1188 480 1241 521 de
1264 478 1353 520 illis
1377 477 1467 522 dici
1491 493 1590 536 pos-

266 561 354 596 set,
387 561 494 604 quos
518 557 562 586 et
585 545 704 602 ipsos
728 548 909 591 sortitos
931 559 1130 597 constat,
1162 561 1277 591 sorte
1304 547 1393 592 illie
1412 549 1594 604 *evenis-

264 635 323 668 se,
359 630 406 659 ut
428 616 516 658 illis
536 616 740 667 comitiis,
754 619 1066 674 praesiderent,
1092 634 1203 677 quae
1221 619 1271 662 in
1293 634 1448 662 eorum
1467 638 1592 678 προε-

265 694 380 747 ὁρὶας
396 699 569 744 tempus
592 688 873 732 inciderent?

350 777 436 819 Sed
462 777 578 830 apud
613 779 1025 830 Demosthenem²¹)
1063 776 1278 836 distingui
1319 790 1362 821 et
1395 776 1591 837 disjungi

264 849 475 889 videntur
502 860 524 887 a
555 847 817 898 Prytanibus
845 848 1047 890 Proedri:
1084 853 1188 906 Φέρε
1223 850 1436 906 γὰρ’πρός
1475 849 1591 902 Διὸς,

266 923 370 964 ἔστιν
394 918 501 967 ὅστις
523 919 573 960 ἔν
596 919 625 971 ἦ
648 918 860 973 Πρόεδρὸς
879 918 966 963 ποτ’
995 921 1274 976 ἐπεψήφισεν,
1309 920 1338 974 ἥ
1368 921 1590 978 Πρύτανις,

263 992 418 1034 τούτων
436 1007 473 1031 τι
494 996 573 1030 τῶν
594 992 636 1032 ἐν
656 996 711 1047 τῷ
732 989 844 1046 νόμῳ
863 994 1173 1047 γεγραμμένων;
1198 993 1284 1033 Sed
1298 991 1333 1032 si
1345 992 1592 1039 Proedrum
1643 987 1646 994 ’

264 1063 463 1105 hocloco
486 1075 564 1116 pro
577 1059 770 1115 Epistata
792 1060 962 1102 dictum
982 1062 1182 1118 accipias,
1215 1063 1591 1118 quemadmodum

261 1132 518 1190 saepissime
549 1129 636 1171 dici
666 1131 803 1180 solet,
832 1133 1040 1183 Prytanes
1071 1145 1219 1174 autem
1249 1133 1366 1174 illius
1385 1134 1587 1189 collega8‚

263 1204 498 1259 intelligas,
516 1201 735 1251 jam⁷nuna
750 1201 835 1243 erit
853 1201 941 1243 loci
954 1201 1203 1246 difficultas.
1234 1206 1344 1244 Nam
1356 1202 1591 1259 proprium

260 1288 327 1319 est
372 1274 593 1330 Epistatae
634 1271 854 1321 officium,
898 1283 949 1313 ut
985 1276 1202 1328 populum
1232 1274 1282 1314 in
1322 1272 1590 1330 suffragium

261 1348 326 1390 ire
350 1347 523 1397 jubeat,
556 1357 702 1399 neque
723 1353 870 1384 tamen
893 1345 1055 1399 absque
1078 1346 1346 1400 collegarum
1369 1358 1592 1386 consensu.

262 1430 307 1460 et
337 1417 588 1462 voluntate,
631 1428 819 1469 quorum
852 1414 1168 1456 intercessione
1194 1430 1259 1456 res
1288 1414 1420 1456 etiam
1448 1413 1589 1470 impe-

263 1489 347 1531 diri
368 1497 524 1544 potest.
582 1485 774 1525 Additur
804 1496 950 1526 autem
983 1488 1225 1539 Prytanum
1258 1485 1452 1534 mentio,
1483 1499 1588 1526 cum

258 1560 506 1605 Procdrum
536 1553 756 1595 nominari
788 1554 890 1595 satis
928 1555 1104 1608 fuisset,
1154 1559 1272 1598 haud
1312 1554 1587 1611 infrequenti

261 1642 487 1675 oratorum
537 1625 881 1674 consuetudine,
924 1626 1002 1682 qui
1038 1627 1258 1681 ejusmodi
1287 1625 1587 1669 redundantia

258 1701 520 1760 gravitatem
541 1696 730 1739 orationi
753 1696 1003 1740 conciliant.
1066 1698 1262 1741 Corsinii
1283 1697 1505 1740 sententia
1538 1697 1596 1740 sis

257 1787 362 1815 vera
392 1781 527 1818 esset,
564 1766 749 1810 omnino
779 1767 1014 1809 memorari
1044 1782 1136 1809 non
1168 1769 1413 1825 potuissent
1435 1771 1583 1822 Pryta-

257 1858 361 1893 nes,
387 1856 489 1883 curn
511 1840 554 1884 τὸ
577 1842 839 1892 ἐπιψηφίζειν
871 1839 924 1880 ad
955 1839 1071 1881 solos
1100 1841 1313 1882 Proedros
1344 1851 1580 1883 non-con·

255 1914 444 1955 tribules
468 1909 782 1967 pertineret²⁶').

303 2045 362 2090 25)
385 2043 475 2078 Λὼτ.
499 2043 703 2077 Timocrat.
726 2053 760 2087 p.
786 2054 866 2090 749.

302 2130 361 2170 26)
374 2128 567 2163 Aeschinis
577 2128 715 2170 Iocum,
740 2125 838 2161 advs.
855 2124 1086 2172 ctesiphont.
1100 2139 1136 2172 p.
1156 2135 1236 2171 450.
1257 2126 1302 2160 R.
1318 2136 1432 2173 quem
1448 2124 1576 2161 attulit

260 2190 474 2230 Cominius,
518 2190 689 2223 consulto
723 2188 1004 2234 praetermitto,
1046 2187 1222 2233 quoniam
1251 2185 1281 2220 is
1312 2186 1353 2221 in
1381 2195 1580 2234 utramquo

251 2260 402 2299 partem
421 2250 540 2295 accipi
558 2256 690 2295 potest.
740 2251 800 2283 De
815 2249 898 2283 loco
916 2248 1110 2283 Demosth.
1131 2247 1211 2281 adv.
1236 2246 1400 2283 Timocr.
1425 2259 1463 2294 p.
1494 2259 1576 2295 7⁰7·

254 2315 302 2348 R.
326 2323 421 2358 quae
437 2311 594 2345 dicenda
614 2317 741 2353 erant,
767 2307 958 2355 praecepit
977 2310 1051 2351 jam
1080 2307 1280 2348 Luzacius,
1308 2308 1342 2352 §.
1367 2309 1398 2342 6.
1429 2319 1466 2353 p.
1495 2319 1574 2343 101.

253 2375 327 2410 Illa
347 2373 458 2406 etiam
475 2384 532 2417 ap.
553 2370 868 2411 Demosthenem,
898 2370 977 2403 adv.
1011 2363 1163 2403 Anfflot.
1186 2379 1220 2412 p.
1254 2378 1332 2412 594.
1361 2365 1463 2403 ταῦτ’
1481 2362 1576 2412 ἕπῆ-

254 2448 338 2481 ριτο
358 2431 378 2466 ὅ
403 2428 645 2474 Ἐπιστᾰτης,
672 2427 1011 2474 ὃιεχειροτόιησεν”
991 2444 1008 2464 υ
1033 2427 1158 2474 δῆμος,
1184 2433 1222 2461 et
1242 2438 1278 2471 p.
1307 2428 1387 2472 596.
1411 2425 1450 2462 οἱ
1465 2439 1575 2471 προε-

254 2491 439 2542 δρευοντες
463 2491 525 2535 τῆς
551 2491 681 2537 (ἰουλῖς
705 2496 764 2525 καὶ
791 2490 813 2525 o‘
843 2487 944 2525 ταῦτ’
977 2489 1208 2534 ἐπιψηφίζων
1241 2483 1460 2531 Ἐπιστᾰτης
1492 2496 1573 2533 non

254 2556 379 2590 minus
397 2565 507 2599 quam
524 2550 715 2584 Aeschinis
731 2550 833 2584 locus
854 2550 1002 2596 utrique
1026 2549 1236 2583 sententiae
1262 2546 1464 2581 convenire
1485 2556 1572 2591 pos·

254 2622 353 2650 sunt.
404 2612 513 2659 Quod
530 2618 656 2645 nutem
675 2611 944 2655 Harpocration
965 2623 991 2644 ε.
1015 2623 1046 2644 v.
1069 2604 1252 2654 Πρᾶεὸροι
1272 2607 1366 2641 haee
1381 2606 1429 2642 de
1455 2607 1572 2640 Pro'e-

253 2675 332 2711 dris
361 2686 437 2710 nou
451 2671 741 2709 -coutrihulihus
760 2668 987 2707 intellexisse
1010 2669 1177 2713 videtur,
1202 2679 1354 2704 movere
1377 2667 1570 2704 neminem
