<?xml version="1.0" encoding="UTF-8"?>
<!DOCTYPE html PUBLIC "-//W3C//DTD XHTML 1.0 Transitional//EN"
    "http://www.w3.org/TR/xhtml1/DTD/xhtml1-transitional.dtd">
<html xmlns="http://www.w3.org/1999/xhtml" xml:lang="en" lang="en">
 <head>
  <title>
</title>
<meta http-equiv="Content-Type" content="text/html;charset=utf-8" />
  <meta name='ocr-system' content='tesseract 3.04.00' />
  <meta name='ocr-capabilities' content='ocr_page ocr_carea ocr_par ocr_line ocrx_word'/>
</head>
<body>
  <div class='ocr_page' id='page_1' title='image "./decomitiisatheni00sch_0052.png"; bbox 0 0 1706 3058; ppageno 0'>
   <div class='ocr_carea' id='block_1_1' title="bbox 236 179 1610 2316">
    <p class='ocr_par' dir='ltr' id='par_1_1' title="bbox 249 179 299 221">
     <span class='ocr_line' id='line_1_1' title="bbox 249 179 299 221; baseline -0.06 0"><span class='ocrx_word' id='word_1_1' title='bbox 249 179 299 221; x_wconf 64' lang='lat'>52</span> 
     </span>
    </p>

    <p class='ocr_par' dir='ltr' id='par_1_2' title="bbox 244 278 1567 772">
     <span class='ocr_line' id='line_1_2' title="bbox 248 278 1567 338; baseline -0.002 -6"><span class='ocrx_word' id='word_1_2' title='bbox 248 287 369 332; x_wconf 73' lang='lat' dir='ltr'>nes-as</span> <span class='ocrx_word' id='word_1_3' title='bbox 393 293 500 327; x_wconf 84' lang='lat' dir='ltr'>esset</span> <span class='ocrx_word' id='word_1_4' title='bbox 524 278 719 338; x_wconf 85' lang='lat' dir='ltr'>migrari.</span> <span class='ocrx_word' id='word_1_5' title='bbox 778 278 1091 336; x_wconf 72' lang='lat' dir='ltr'>Aristophanes</span> <span class='ocrx_word' id='word_1_6' title='bbox 1112 292 1230 323; x_wconf 85' lang='lat' dir='ltr'>certe</span> <span class='ocrx_word' id='word_1_7' title='bbox 1252 281 1298 323; x_wconf 89' lang='lat' dir='ltr'>in</span> <span class='ocrx_word' id='word_1_8' title='bbox 1320 285 1567 330; x_wconf 78' lang='lat' dir='ltr'>Acharneu-</span> 
     </span>
     <span class='ocr_line' id='line_1_3' title="bbox 249 350 1566 412; baseline -0.004 -9"><span class='ocrx_word' id='word_1_9' title='bbox 249 360 366 403; x_wconf 80' lang='lat' dir='ltr'>sium</span> <span class='ocrx_word' id='word_1_10' title='bbox 384 354 529 397; x_wconf 80' lang='lat' dir='ltr'>fabula</span> <span class='ocrx_word' id='word_1_11' title='bbox 553 352 716 407; x_wconf 79' lang='lat' dir='ltr'>legatos</span> <span class='ocrx_word' id='word_1_12' title='bbox 738 364 760 390; x_wconf 90' lang='lat' dir='ltr'>a</span> <span class='ocrx_word' id='word_1_13' title='bbox 779 350 1010 391; x_wconf 83' lang='lat' dir='ltr'>Persarum</span> <span class='ocrx_word' id='word_1_14' title='bbox 1043 353 1357 408; x_wconf 85' lang='lat' dir='ltr'>Thracumque</span> <span class='ocrx_word' id='word_1_15' title='bbox 1388 357 1566 412; x_wconf 78' lang='lat' dir='ltr'>regibus</span> 
     </span>
     <span class='ocr_line' id='line_1_4' title="bbox 247 419 1567 480; baseline -0.005 -6"><span class='ocrx_word' id='word_1_16' title='bbox 247 441 469 474; x_wconf 80' lang='lat' dir='ltr'>reversos.</span> <span class='ocrx_word' id='word_1_17' title='bbox 503 423 550 464; x_wconf 90' lang='lat' dir='ltr'>in</span> <span class='ocrx_word' id='word_1_18' title='bbox 574 424 695 480; x_wconf 75' lang='grc' dir='ltr'><strong><em>κυρίᾳ</em></strong></span> <span class='ocrx_word' id='word_1_19' title='bbox 717 419 900 462; x_wconf 87' lang='lat' dir='ltr'>ecclesia</span> <span class='ocrx_word' id='word_1_20' title='bbox 921 421 1186 476; x_wconf 81' lang='lat' dir='ltr'>legationem</span> <span class='ocrx_word' id='word_1_21' title='bbox 1210 425 1376 478; x_wconf 87' lang='lat' dir='ltr'>populo</span> <span class='ocrx_word' id='word_1_22' title='bbox 1406 441 1567 469; x_wconf 82' lang='lat' dir='ltr'>renun-</span> 
     </span>
     <span class='ocr_line' id='line_1_5' title="bbox 249 493 1563 551; baseline -0.008 -9"><span class='ocrx_word' id='word_1_23' title='bbox 249 501 407 543; x_wconf 86' lang='lat' dir='ltr'>tiantes</span> <span class='ocrx_word' id='word_1_24' title='bbox 435 493 541 536; x_wconf 80' lang='lat' dir='ltr'>fucit</span> <span class='ocrx_word' id='word_1_25' title='bbox 559 495 656 544; x_wconf 65' lang='grc' dir='ltr'>’Ὃς</span> <span class='ocrx_word' id='word_1_26' title='bbox 688 493 808 548; x_wconf 89' lang='lat' dir='ltr'>quod</span> <span class='ocrx_word' id='word_1_27' title='bbox 834 507 889 533; x_wconf 90' lang='lat' dir='ltr'>ne</span> <span class='ocrx_word' id='word_1_28' title='bbox 917 499 1073 548; x_wconf 79' lang='lat' dir='ltr'>poetae</span> <span class='ocrx_word' id='word_1_29' title='bbox 1102 493 1284 548; x_wconf 89' lang='lat' dir='ltr'>quidem</span> <span class='ocrx_word' id='word_1_30' title='bbox 1320 494 1485 551; x_wconf 86' lang='lat' dir='ltr'>fingere</span> <span class='ocrx_word' id='word_1_31' title='bbox 1514 496 1563 538; x_wconf 86' lang='lat' dir='ltr'>li.</span> 
     </span>
     <span class='ocr_line' id='line_1_6' title="bbox 247 560 1564 621; baseline -0.003 -8"><span class='ocrx_word' id='word_1_32' title='bbox 247 571 367 617; x_wconf 81' lang='lat' dir='ltr'>cuit,</span> <span class='ocrx_word' id='word_1_33' title='bbox 400 566 436 608; x_wconf 81' lang='lat' dir='ltr'>si</span> <span class='ocrx_word' id='word_1_34' title='bbox 462 561 635 620; x_wconf 80' lang='lat' dir='ltr'>legibus</span> <span class='ocrx_word' id='word_1_35' title='bbox 670 560 980 618; x_wconf 71' lang='lat' dir='ltr'>institutisque</span> <span class='ocrx_word' id='word_1_36' title='bbox 1010 562 1275 615; x_wconf 88' lang='lat' dir='ltr'>reipublicae</span> <span class='ocrx_word' id='word_1_37' title='bbox 1312 567 1440 621; x_wconf 87' lang='lat' dir='ltr'>plane</span> <span class='ocrx_word' id='word_1_38' title='bbox 1462 581 1564 609; x_wconf 89' lang='lat' dir='ltr'>con·</span> 
     </span>
     <span class='ocr_line' id='line_1_7' title="bbox 248 633 1567 695; baseline -0.003 -11"><span class='ocrx_word' id='word_1_39' title='bbox 248 641 432 687; x_wconf 83' lang='lat' dir='ltr'>trarium</span> <span class='ocrx_word' id='word_1_40' title='bbox 453 645 555 677; x_wconf 85' lang='lat' dir='ltr'>erat.</span> <span class='ocrx_word' id='word_1_41' title='bbox 616 636 769 689; x_wconf 81' lang='lat' dir='ltr'>Itaque</span> <span class='ocrx_word' id='word_1_42' title='bbox 798 635 954 675; x_wconf 85' lang='lat' dir='ltr'>Pollux</span> <span class='ocrx_word' id='word_1_43' title='bbox 981 633 1225 690; x_wconf 84' lang='lat' dir='ltr'>generatim</span> <span class='ocrx_word' id='word_1_44' title='bbox 1258 635 1409 685; x_wconf 83' lang='lat' dir='ltr'>tradit,</span> <span class='ocrx_word' id='word_1_45' title='bbox 1441 640 1567 695; x_wconf 78' lang='lat' dir='ltr'>quod</span> 
     </span>
     <span class='ocr_line' id='line_1_8' title="bbox 244 703 956 772; baseline -0.011 -17"><span class='ocrx_word' id='word_1_46' title='bbox 244 716 506 772; x_wconf 86' lang='lat' dir='ltr'>plerumque</span> <span class='ocrx_word' id='word_1_47' title='bbox 524 703 746 747; x_wconf 76' lang='lat' dir='ltr'>observari</span> <span class='ocrx_word' id='word_1_48' title='bbox 775 706 956 748; x_wconf 78' lang='lat' dir='ltr'>solebat.</span> 
     </span>
    </p>

    <p class='ocr_par' dir='ltr' id='par_1_3' title="bbox 236 775 1610 2316">
     <span class='ocr_line' id='line_1_9' title="bbox 332 775 1567 834; baseline -0.002 -12"><span class='ocrx_word' id='word_1_49' title='bbox 332 781 416 825; x_wconf 87' lang='lat' dir='ltr'>Sed</span> <span class='ocrx_word' id='word_1_50' title='bbox 432 788 481 820; x_wconf 89' lang='lat' dir='ltr'>ut</span> <span class='ocrx_word' id='word_1_51' title='bbox 503 778 556 817; x_wconf 88' lang='lat' dir='ltr'>ad</span> <span class='ocrx_word' id='word_1_52' title='bbox 567 775 873 831; x_wconf 82' lang='lat' dir='ltr'>Aristophanis</span> <span class='ocrx_word' id='word_1_53' title='bbox 898 775 1172 818; x_wconf 84' lang='lat' dir='ltr'>Scholiasten</span> <span class='ocrx_word' id='word_1_54' title='bbox 1193 787 1396 825; x_wconf 86' lang='lat' dir='ltr'>revertar,</span> <span class='ocrx_word' id='word_1_55' title='bbox 1417 788 1567 834; x_wconf 85' lang='lat' dir='ltr'>potest</span> 
     </span>
     <span class='ocr_line' id='line_1_10' title="bbox 247 846 1566 910; baseline 0.002 -20"><span class='ocrx_word' id='word_1_56' title='bbox 247 856 284 898; x_wconf 74' lang='lat' dir='ltr'>is</span> <span class='ocrx_word' id='word_1_57' title='bbox 307 864 486 910; x_wconf 84' lang='lat' dir='ltr'>quoque</span> <span class='ocrx_word' id='word_1_58' title='bbox 505 849 625 888; x_wconf 83' lang='lat' dir='ltr'>haud</span> <span class='ocrx_word' id='word_1_59' title='bbox 647 860 827 902; x_wconf 87' lang='lat' dir='ltr'>prorsus</span> <span class='ocrx_word' id='word_1_60' title='bbox 852 846 956 888; x_wconf 89' lang='lat' dir='ltr'>falsa</span> <span class='ocrx_word' id='word_1_61' title='bbox 981 847 1173 903; x_wconf 81' lang='lat' dir='ltr'>fictaque</span> <span class='ocrx_word' id='word_1_62' title='bbox 1186 848 1423 903; x_wconf 87' lang='lat' dir='ltr'>promsisse</span> <span class='ocrx_word' id='word_1_63' title='bbox 1442 848 1566 892; x_wconf 80' lang='lat' dir='ltr'>vide-</span> 
     </span>
     <span class='ocr_line' id='line_1_11' title="bbox 245 916 1564 974; baseline -0.008 -5"><span class='ocrx_word' id='word_1_64' title='bbox 245 926 299 974; x_wconf 89' lang='lat' dir='ltr'>ri,</span> <span class='ocrx_word' id='word_1_65' title='bbox 321 937 422 966; x_wconf 88' lang='lat' dir='ltr'>cum</span> <span class='ocrx_word' id='word_1_66' title='bbox 443 930 586 960; x_wconf 86' lang='lat' dir='ltr'>ternas</span> <span class='ocrx_word' id='word_1_67' title='bbox 606 920 750 972; x_wconf 83' lang='grc' dir='ltr'><strong><em>κυρίας</em></strong></span> <span class='ocrx_word' id='word_1_68' title='bbox 773 916 975 959; x_wconf 84' lang='lat' dir='ltr'>ecclesias</span> <span class='ocrx_word' id='word_1_69' title='bbox 994 916 1184 974; x_wconf 76' lang='lat' dir='ltr'>singulis</span> <span class='ocrx_word' id='word_1_70' title='bbox 1207 919 1433 961; x_wconf 67' lang='lat' dir='ltr'>mensibus</span> <span class='ocrx_word' id='word_1_71' title='bbox 1455 917 1564 960; x_wconf 88' lang='lat' dir='ltr'>fuis-</span> 
     </span>
     <span class='ocr_line' id='line_1_12' title="bbox 244 985 1566 1044; baseline -0.004 -6"><span class='ocrx_word' id='word_1_72' title='bbox 244 1011 292 1040; x_wconf 86' lang='lat' dir='ltr'>se</span> <span class='ocrx_word' id='word_1_73' title='bbox 315 993 445 1036; x_wconf 85' lang='lat' dir='ltr'>dicat.</span> <span class='ocrx_word' id='word_1_74' title='bbox 485 985 668 1030; x_wconf 87' lang='lat' dir='ltr'>Etenim</span> <span class='ocrx_word' id='word_1_75' title='bbox 686 987 846 1028; x_wconf 84' lang='lat' dir='ltr'>Pollux</span> <span class='ocrx_word' id='word_1_76' title='bbox 875 998 916 1028; x_wconf 89' lang='lat' dir='ltr'>et</span> <span class='ocrx_word' id='word_1_77' title='bbox 938 989 1261 1044; x_wconf 77' lang='lat' dir='ltr'>Harpocration</span> <span class='ocrx_word' id='word_1_78' title='bbox 1279 988 1566 1033; x_wconf 85' lang='lat' dir='ltr'>Aristotelem</span> 
     </span>
     <span class='ocr_line' id='line_1_13' title="bbox 245 1058 1562 1115; baseline -0.006 -5"><span class='ocrx_word' id='word_1_79' title='bbox 245 1077 473 1110; x_wconf 76' lang='lat' dir='ltr'>auctorem</span> <span class='ocrx_word' id='word_1_80' title='bbox 510 1067 785 1113; x_wconf 81' lang='lat' dir='ltr'>sequuntur,</span> <span class='ocrx_word' id='word_1_81' title='bbox 818 1071 1004 1113; x_wconf 87' lang='lat' dir='ltr'>eamque</span> <span class='ocrx_word' id='word_1_82' title='bbox 1042 1058 1316 1115; x_wconf 83' lang='lat' dir='ltr'>reipublicae</span> <span class='ocrx_word' id='word_1_83' title='bbox 1356 1061 1562 1109; x_wconf 80' lang='lat' dir='ltr'>formam,</span> 
     </span>
     <span class='ocr_line' id='line_1_14' title="bbox 246 1127 1564 1190; baseline -0.005 -10"><span class='ocrx_word' id='word_1_84' title='bbox 246 1152 317 1180; x_wconf 89' lang='lat' dir='ltr'>eas</span> <span class='ocrx_word' id='word_1_85' title='bbox 339 1137 456 1190; x_wconf 84' lang='lat' dir='ltr'>leges</span> <span class='ocrx_word' id='word_1_86' title='bbox 480 1144 528 1171; x_wconf 88' lang='lat' dir='ltr'>ea</span> <span class='ocrx_word' id='word_1_87' title='bbox 549 1127 754 1169; x_wconf 85' lang='lat' dir='ltr'>instituta</span> <span class='ocrx_word' id='word_1_88' title='bbox 778 1128 1056 1177; x_wconf 87' lang='lat' dir='ltr'>describunt,</span> <span class='ocrx_word' id='word_1_89' title='bbox 1089 1144 1199 1185; x_wconf 90' lang='lat' dir='ltr'>quae</span> <span class='ocrx_word' id='word_1_90' title='bbox 1220 1129 1476 1173; x_wconf 76' lang='lat' dir='ltr'>Aristoteles</span> <span class='ocrx_word' id='word_1_91' title='bbox 1499 1131 1564 1173; x_wconf 83' lang='lat' dir='ltr'>vi-</span> 
     </span>
     <span class='ocr_line' id='line_1_15' title="bbox 247 1197 1565 1254; baseline -0.003 -7"><span class='ocrx_word' id='word_1_92' title='bbox 247 1207 368 1247; x_wconf 87' lang='lat' dir='ltr'>derat</span> <span class='ocrx_word' id='word_1_93' title='bbox 407 1197 739 1254; x_wconf 88' lang='lat' dir='ltr'>memoriaeque</span> <span class='ocrx_word' id='word_1_94' title='bbox 781 1201 1078 1241; x_wconf 89' lang='lat' dir='ltr'>mandaverat.</span> <span class='ocrx_word' id='word_1_95' title='bbox 1139 1201 1224 1242; x_wconf 88' lang='lat' dir='ltr'>Sed</span> <span class='ocrx_word' id='word_1_96' title='bbox 1253 1202 1370 1242; x_wconf 87' lang='lat' dir='ltr'>haud</span> <span class='ocrx_word' id='word_1_97' title='bbox 1410 1202 1565 1244; x_wconf 87' lang='lat' dir='ltr'>multis</span> 
     </span>
     <span class='ocr_line' id='line_1_16' title="bbox 243 1267 1565 1332; baseline -0.002 -16"><span class='ocrx_word' id='word_1_98' title='bbox 243 1285 345 1332; x_wconf 81' lang='lat' dir='ltr'>post</span> <span class='ocrx_word' id='word_1_99' title='bbox 365 1269 650 1314; x_wconf 87' lang='lat' dir='ltr'>Aristotelem</span> <span class='ocrx_word' id='word_1_100' title='bbox 680 1267 806 1309; x_wconf 86' lang='lat' dir='ltr'>annis</span> <span class='ocrx_word' id='word_1_101' title='bbox 835 1284 938 1311; x_wconf 90' lang='lat' dir='ltr'>cum</span> <span class='ocrx_word' id='word_1_102' title='bbox 959 1269 1042 1311; x_wconf 86' lang='lat' dir='ltr'>alia</span> <span class='ocrx_word' id='word_1_103' title='bbox 1065 1283 1227 1312; x_wconf 88' lang='lat' dir='ltr'>novata</span> <span class='ocrx_word' id='word_1_104' title='bbox 1245 1271 1336 1312; x_wconf 86' lang='lat' dir='ltr'>sint</span> <span class='ocrx_word' id='word_1_105' title='bbox 1353 1271 1401 1312; x_wconf 90' lang='lat' dir='ltr'>in</span> <span class='ocrx_word' id='word_1_106' title='bbox 1419 1272 1565 1314; x_wconf 86' lang='lat' dir='ltr'>Attica</span> 
     </span>
     <span class='ocr_line' id='line_1_17' title="bbox 243 1338 1563 1400; baseline -0.001 -15"><span class='ocrx_word' id='word_1_107' title='bbox 243 1340 470 1400; x_wconf 88' lang='lat' dir='ltr'>republica</span> <span class='ocrx_word' id='word_1_108' title='bbox 483 1371 494 1388; x_wconf 94' lang='lat'><strong>,</strong></span> <span class='ocrx_word' id='word_1_109' title='bbox 527 1350 625 1381; x_wconf 89' lang='lat' dir='ltr'>tum</span> <span class='ocrx_word' id='word_1_110' title='bbox 645 1338 834 1381; x_wconf 83' lang='lat' dir='ltr'>fortassis</span> <span class='ocrx_word' id='word_1_111' title='bbox 861 1342 972 1381; x_wconf 91' lang='lat' dir='ltr'>haec</span> <span class='ocrx_word' id='word_1_112' title='bbox 991 1355 1169 1397; x_wconf 91' lang='lat' dir='ltr'>quoque</span> <span class='ocrx_word' id='word_1_113' title='bbox 1191 1341 1480 1384; x_wconf 88' lang='lat' dir='ltr'>ecclesiarum</span> <span class='ocrx_word' id='word_1_114' title='bbox 1500 1357 1563 1384; x_wconf 89' lang='lat' dir='ltr'>ra-</span> 
     </span>
     <span class='ocr_line' id='line_1_18' title="bbox 244 1411 1564 1467; baseline -0.003 -8"><span class='ocrx_word' id='word_1_115' title='bbox 244 1416 308 1459; x_wconf 91' lang='lat' dir='ltr'>tio</span> <span class='ocrx_word' id='word_1_116' title='bbox 335 1422 502 1455; x_wconf 86' lang='lat' dir='ltr'>mutata</span> <span class='ocrx_word' id='word_1_117' title='bbox 521 1422 608 1460; x_wconf 89' lang='lat' dir='ltr'>est,</span> <span class='ocrx_word' id='word_1_118' title='bbox 641 1421 686 1452; x_wconf 90' lang='lat' dir='ltr'>et</span> <span class='ocrx_word' id='word_1_119' title='bbox 705 1417 858 1467; x_wconf 78' lang='grc' dir='ltr'><strong><em>κυριών</em></strong></span> <span class='ocrx_word' id='word_1_120' title='bbox 883 1425 1046 1453; x_wconf 87' lang='lat' dir='ltr'>nomen</span> <span class='ocrx_word' id='word_1_121' title='bbox 1069 1414 1121 1453; x_wconf 90' lang='lat' dir='ltr'>ad</span> <span class='ocrx_word' id='word_1_122' title='bbox 1145 1426 1299 1454; x_wconf 84' lang='lat' dir='ltr'>omnes</span> <span class='ocrx_word' id='word_1_123' title='bbox 1320 1411 1564 1455; x_wconf 75' lang='lat' dir='ltr'>ordinaria·</span> 
     </span>
     <span class='ocr_line' id='line_1_19' title="bbox 242 1481 1564 1536; baseline -0.005 -7"><span class='ocrx_word' id='word_1_124' title='bbox 242 1487 514 1530; x_wconf 85' lang='lat' dir='ltr'>translatum.</span> <span class='ocrx_word' id='word_1_125' title='bbox 576 1482 718 1536; x_wconf 86' lang='lat' dir='ltr'>Atque</span> <span class='ocrx_word' id='word_1_126' title='bbox 751 1496 804 1522; x_wconf 87' lang='lat' dir='ltr'>ne</span> <span class='ocrx_word' id='word_1_127' title='bbox 839 1484 961 1523; x_wconf 86' lang='lat' dir='ltr'>nulla</span> <span class='ocrx_word' id='word_1_128' title='bbox 993 1481 1164 1525; x_wconf 86' lang='lat' dir='ltr'>ratione</span> <span class='ocrx_word' id='word_1_129' title='bbox 1195 1493 1446 1526; x_wconf 84' lang='lat' dir='ltr'>commotus</span> <span class='ocrx_word' id='word_1_130' title='bbox 1475 1485 1564 1524; x_wconf 88' lang='lat' dir='ltr'>hoc</span> 
     </span>
     <span class='ocr_line' id='line_1_20' title="bbox 243 1551 1566 1610; baseline -0.004 -11"><span class='ocrx_word' id='word_1_131' title='bbox 243 1554 449 1601; x_wconf 82' lang='lat' dir='ltr'>sumsisse</span> <span class='ocrx_word' id='word_1_132' title='bbox 469 1551 646 1599; x_wconf 87' lang='lat' dir='ltr'>videar,</span> <span class='ocrx_word' id='word_1_133' title='bbox 682 1562 821 1592; x_wconf 85' lang='lat' dir='ltr'>exstat</span> <span class='ocrx_word' id='word_1_134' title='bbox 839 1554 952 1607; x_wconf 89' lang='lat' dir='ltr'>apud</span> <span class='ocrx_word' id='word_1_135' title='bbox 984 1552 1231 1609; x_wconf 89' lang='lat' dir='ltr'>Diogenem</span> <span class='ocrx_word' id='word_1_136' title='bbox 1262 1551 1566 1610; x_wconf 80' lang='lat' dir='ltr'>Laertium¹⁵)</span> 
     </span>
     <span class='ocr_line' id='line_1_21' title="bbox 239 1621 1562 1679; baseline -0.001 -13"><span class='ocrx_word' id='word_1_137' title='bbox 239 1625 506 1679; x_wconf 81' lang='lat' dir='ltr'>Psephisma,</span> <span class='ocrx_word' id='word_1_138' title='bbox 540 1625 593 1663; x_wconf 89' lang='lat' dir='ltr'>ab</span> <span class='ocrx_word' id='word_1_139' title='bbox 615 1622 958 1664; x_wconf 84' lang='lat' dir='ltr'>Atheniensibus</span> <span class='ocrx_word' id='word_1_140' title='bbox 990 1622 1036 1662; x_wconf 88' lang='lat' dir='ltr'>in</span> <span class='ocrx_word' id='word_1_141' title='bbox 1051 1621 1239 1664; x_wconf 87' lang='lat' dir='ltr'>Zenonis</span> <span class='ocrx_word' id='word_1_142' title='bbox 1263 1624 1480 1664; x_wconf 87' lang='lat' dir='ltr'>honorem</span> <span class='ocrx_word' id='word_1_143' title='bbox 1503 1623 1562 1665; x_wconf 89' lang='lat' dir='ltr'>fa·</span> 
     </span>
     <span class='ocr_line' id='line_1_22' title="bbox 243 1691 1563 1750; baseline -0.005 -9"><span class='ocrx_word' id='word_1_144' title='bbox 243 1711 379 1743; x_wconf 87' lang='lat' dir='ltr'>ctum,</span> <span class='ocrx_word' id='word_1_145' title='bbox 394 1693 599 1750; x_wconf 85' lang='lat' dir='ltr'>quamvis</span> <span class='ocrx_word' id='word_1_146' title='bbox 613 1704 880 1746; x_wconf 82' lang='lat' dir='ltr'>suspectum,</span> <span class='ocrx_word' id='word_1_147' title='bbox 900 1706 990 1732; x_wconf 88' lang='lat' dir='ltr'>non</span> <span class='ocrx_word' id='word_1_148' title='bbox 1008 1703 1154 1732; x_wconf 89' lang='lat' dir='ltr'>tamen</span> <span class='ocrx_word' id='word_1_149' title='bbox 1167 1691 1403 1733; x_wconf 85' lang='lat' dir='ltr'>manifesto</span> <span class='ocrx_word' id='word_1_150' title='bbox 1417 1706 1563 1735; x_wconf 83' lang='lat' dir='ltr'>emen-</span> 
     </span>
     <span class='ocr_line' id='line_1_23' title="bbox 239 1763 1562 1822; baseline -0.005 -10"><span class='ocrx_word' id='word_1_151' title='bbox 239 1771 377 1814; x_wconf 80' lang='lat' dir='ltr'>titum</span> <span class='ocrx_word' id='word_1_152' title='bbox 397 1768 482 1818; x_wconf 81' lang='lat'><strong>¹⁶),</strong></span> <span class='ocrx_word' id='word_1_153' title='bbox 516 1763 564 1804; x_wconf 82' lang='lat' dir='ltr'>in</span> <span class='ocrx_word' id='word_1_154' title='bbox 583 1777 672 1818; x_wconf 89' lang='lat' dir='ltr'>quo</span> <span class='ocrx_word' id='word_1_155' title='bbox 693 1773 1068 1804; x_wconf 83' lang='lat' dir='ltr'>commemoratur</span> <span class='ocrx_word' id='word_1_156' title='bbox 1089 1765 1209 1816; x_wconf 80' lang='grc' dir='ltr'><strong><em>κυρία</em></strong></span> <span class='ocrx_word' id='word_1_157' title='bbox 1228 1763 1430 1816; x_wconf 77' lang='grc' dir='ltr'><strong><em>ἐκκλησία,</em></strong></span> <span class='ocrx_word' id='word_1_158' title='bbox 1450 1767 1562 1822; x_wconf 79' lang='grc' dir='ltr'><strong><em>τρίτῃ</em></strong></span> 
     </span>
     <span class='ocr_line' id='line_1_24' title="bbox 239 1829 1562 1891; baseline -0.008 -6"><span class='ocrx_word' id='word_1_159' title='bbox 239 1845 307 1886; x_wconf 77' lang='grc' dir='ltr'>καὶ</span> <span class='ocrx_word' id='word_1_160' title='bbox 330 1841 494 1891; x_wconf 78' lang='grc' dir='ltr'><strong><em>εἰκοστῇ</em></strong></span> <span class='ocrx_word' id='word_1_161' title='bbox 511 1839 583 1886; x_wconf 81' lang='grc' dir='ltr'>τῆς</span> <span class='ocrx_word' id='word_1_162' title='bbox 608 1837 870 1887; x_wconf 76' lang='grc' dir='ltr'><em>πρυτανείας,</em></span> <span class='ocrx_word' id='word_1_163' title='bbox 902 1846 1014 1888; x_wconf 88' lang='lat' dir='ltr'>quae</span> <span class='ocrx_word' id='word_1_164' title='bbox 1039 1842 1155 1873; x_wconf 89' lang='lat' dir='ltr'>certe</span> <span class='ocrx_word' id='word_1_165' title='bbox 1179 1829 1300 1871; x_wconf 86' lang='lat' dir='ltr'>illius</span> <span class='ocrx_word' id='word_1_166' title='bbox 1330 1833 1562 1887; x_wconf 84' lang='lat' dir='ltr'>prytaniae</span> 
     </span>
     <span class='ocr_line' id='line_1_25' title="bbox 237 1899 1610 1970; baseline -0.004 -18"><span class='ocrx_word' id='word_1_167' title='bbox 237 1910 383 1970; x_wconf 83' lang='lat' dir='ltr'>prima</span> <span class='ocrx_word' id='word_1_168' title='bbox 405 1902 587 1947; x_wconf 89' lang='lat' dir='ltr'>ecclesia</span> <span class='ocrx_word' id='word_1_169' title='bbox 607 1918 698 1944; x_wconf 89' lang='lat' dir='ltr'>esse</span> <span class='ocrx_word' id='word_1_170' title='bbox 726 1918 819 1945; x_wconf 87' lang='lat' dir='ltr'>non</span> <span class='ocrx_word' id='word_1_171' title='bbox 843 1900 1004 1959; x_wconf 87' lang='lat' dir='ltr'>potuit.</span> <span class='ocrx_word' id='word_1_172' title='bbox 1066 1906 1229 1958; x_wconf 85' lang='lat' dir='ltr'>Itaque,</span> <span class='ocrx_word' id='word_1_173' title='bbox 1262 1899 1299 1941; x_wconf 88' lang='lat' dir='ltr'>si</span> <span class='ocrx_word' id='word_1_174' title='bbox 1320 1901 1430 1958; x_wconf 87' lang='lat' dir='ltr'>quid</span> <span class='ocrx_word' id='word_1_175' title='bbox 1453 1903 1561 1947; x_wconf 85' lang='lat' dir='ltr'>huic</span> <span class='ocrx_word' id='word_1_176' title='bbox 1605 1910 1610 1915; x_wconf 90' lang='lat'>&#39;</span> 
     </span>
     <span class='ocr_line' id='line_1_26' title="bbox 237 1973 1560 2039; baseline -0.002 -20"><span class='ocrx_word' id='word_1_177' title='bbox 237 1974 529 2039; x_wconf 80' lang='lat' dir='ltr'>psephismati</span> <span class='ocrx_word' id='word_1_178' title='bbox 549 1974 824 2016; x_wconf 88' lang='lat' dir='ltr'>auctoritatis</span> <span class='ocrx_word' id='word_1_179' title='bbox 850 1973 1137 2015; x_wconf 88' lang='lat' dir='ltr'>tribuendum</span> <span class='ocrx_word' id='word_1_180' title='bbox 1160 1983 1237 2022; x_wconf 84' lang='lat' dir='ltr'>est,</span> <span class='ocrx_word' id='word_1_181' title='bbox 1268 1985 1461 2028; x_wconf 84' lang='lat' dir='ltr'>apparet,</span> <span class='ocrx_word' id='word_1_182' title='bbox 1492 1989 1560 2017; x_wconf 93' lang='lat' dir='ltr'>ce-</span> 
     </span>
     <span class='ocr_line' id='line_1_27' title="bbox 236 2043 1557 2104; baseline -0.005 -10"><span class='ocrx_word' id='word_1_183' title='bbox 236 2064 349 2094; x_wconf 84' lang='lat' dir='ltr'>teras</span> <span class='ocrx_word' id='word_1_184' title='bbox 372 2061 550 2104; x_wconf 88' lang='lat' dir='ltr'>quoque</span> <span class='ocrx_word' id='word_1_185' title='bbox 573 2047 775 2087; x_wconf 75' lang='lat' dir='ltr'>ecclesias</span> <span class='ocrx_word' id='word_1_186' title='bbox 794 2048 936 2100; x_wconf 78' lang='grc' dir='ltr'><strong><em>κυρίας</em></strong></span> <span class='ocrx_word' id='word_1_187' title='bbox 970 2044 1105 2084; x_wconf 89' lang='lat' dir='ltr'>dictas</span> <span class='ocrx_word' id='word_1_188' title='bbox 1127 2057 1232 2084; x_wconf 85' lang='lat' dir='ltr'>esse.</span> <span class='ocrx_word' id='word_1_189' title='bbox 1282 2043 1557 2088; x_wconf 86' lang='lat' dir='ltr'>Scholiasten</span> 
     </span>
     <span class='ocr_line' id='line_1_28' title="bbox 239 2114 1555 2170; baseline -0.006 -6"><span class='ocrx_word' id='word_1_190' title='bbox 239 2133 387 2165; x_wconf 88' lang='lat' dir='ltr'>autem</span> <span class='ocrx_word' id='word_1_191' title='bbox 408 2118 536 2159; x_wconf 90' lang='lat' dir='ltr'>illum</span> <span class='ocrx_word' id='word_1_192' title='bbox 556 2117 611 2157; x_wconf 86' lang='lat' dir='ltr'>ad</span> <span class='ocrx_word' id='word_1_193' title='bbox 628 2119 734 2157; x_wconf 91' lang='lat' dir='ltr'>haec</span> <span class='ocrx_word' id='word_1_194' title='bbox 760 2127 956 2167; x_wconf 88' lang='lat' dir='ltr'>tempora</span> <span class='ocrx_word' id='word_1_195' title='bbox 984 2126 1086 2170; x_wconf 90' lang='lat' dir='ltr'>post</span> <span class='ocrx_word' id='word_1_196' title='bbox 1119 2115 1187 2156; x_wconf 92' lang='lat' dir='ltr'>Ol.</span> <span class='ocrx_word' id='word_1_197' title='bbox 1217 2114 1399 2156; x_wconf 80' lang='lat' dir='ltr'>CXVIII.</span> <span class='ocrx_word' id='word_1_198' title='bbox 1421 2114 1460 2163; x_wconf 89' lang='lat'>6,</span> <span class='ocrx_word' id='word_1_199' title='bbox 1492 2130 1555 2156; x_wconf 89' lang='lat' dir='ltr'>re-</span> 
     </span>
     <span class='ocr_line' id='line_1_29' title="bbox 237 2183 1555 2249; baseline -0.005 -17"><span class='ocrx_word' id='word_1_200' title='bbox 237 2189 440 2249; x_wconf 83' lang='lat' dir='ltr'>spexisse,</span> <span class='ocrx_word' id='word_1_201' title='bbox 464 2200 507 2230; x_wconf 90' lang='lat' dir='ltr'>et</span> <span class='ocrx_word' id='word_1_202' title='bbox 523 2202 634 2244; x_wconf 89' lang='lat' dir='ltr'>quae</span> <span class='ocrx_word' id='word_1_203' title='bbox 647 2198 752 2228; x_wconf 88' lang='lat' dir='ltr'>tunc</span> <span class='ocrx_word' id='word_1_204' title='bbox 764 2186 1036 2234; x_wconf 84' lang='lat' dir='ltr'>obtinebant,</span> <span class='ocrx_word' id='word_1_205' title='bbox 1057 2185 1111 2225; x_wconf 87' lang='lat' dir='ltr'>ad</span> <span class='ocrx_word' id='word_1_206' title='bbox 1126 2183 1353 2240; x_wconf 86' lang='lat' dir='ltr'>superiora</span> <span class='ocrx_word' id='word_1_207' title='bbox 1375 2199 1555 2240; x_wconf 86' lang='lat' dir='ltr'>quoque</span> 
     </span>
     <span class='ocr_line' id='line_1_30' title="bbox 236 2253 1496 2316; baseline -0.004 -13"><span class='ocrx_word' id='word_1_208' title='bbox 236 2273 435 2316; x_wconf 85' lang='lat' dir='ltr'>tempora</span> <span class='ocrx_word' id='word_1_209' title='bbox 448 2258 662 2308; x_wconf 89' lang='lat' dir='ltr'>retulisse,</span> <span class='ocrx_word' id='word_1_210' title='bbox 684 2258 743 2306; x_wconf 87' lang='lat' dir='ltr'>id,</span> <span class='ocrx_word' id='word_1_211' title='bbox 767 2271 908 2314; x_wconf 85' lang='lat' dir='ltr'>spero,</span> <span class='ocrx_word' id='word_1_212' title='bbox 934 2254 1210 2313; x_wconf 82' lang='lat' dir='ltr'>paulloinfra</span> <span class='ocrx_word' id='word_1_213' title='bbox 1223 2253 1496 2312; x_wconf 84' lang='lat' dir='ltr'>probabitur.</span> 
     </span>
    </p>
   </div>
   <div class='ocr_carea' id='block_1_2' title="bbox 286 2381 1481 2498">
    <p class='ocr_par' dir='ltr' id='par_1_4' title="bbox 286 2381 1481 2498">
     <span class='ocr_line' id='line_1_31' title="bbox 286 2381 982 2430; baseline -0.006 -10"><span class='ocrx_word' id='word_1_214' title='bbox 286 2387 342 2430; x_wconf 82' lang='lat'>14)</span> <span class='ocrx_word' id='word_1_215' title='bbox 363 2385 411 2420; x_wconf 76' lang='lat' dir='ltr'>ci.</span> <span class='ocrx_word' id='word_1_216' title='bbox 433 2384 554 2419; x_wconf 80' lang='lat' dir='ltr'>Kfflm.</span> <span class='ocrx_word' id='word_1_217' title='bbox 577 2384 621 2419; x_wconf 82' lang='lat' dir='ltr'>ad</span> <span class='ocrx_word' id='word_1_218' title='bbox 639 2383 780 2419; x_wconf 88' lang='lat' dir='ltr'>Polluc.</span> <span class='ocrx_word' id='word_1_219' title='bbox 803 2383 907 2417; x_wconf 88' lang='lat' dir='ltr'>VIII.</span> <span class='ocrx_word' id='word_1_220' title='bbox 927 2381 982 2428; x_wconf 86' lang='lat'>96.</span> 
     </span>
     <span class='ocr_line' id='line_1_32' title="bbox 286 2448 1481 2498; baseline -0.004 -9"><span class='ocrx_word' id='word_1_221' title='bbox 286 2455 342 2498; x_wconf 85' lang='lat'>15)</span> <span class='ocrx_word' id='word_1_222' title='bbox 359 2452 519 2498; x_wconf 84' lang='lat' dir='ltr'>Diogen.</span> <span class='ocrx_word' id='word_1_223' title='bbox 541 2454 665 2487; x_wconf 82' lang='lat' dir='ltr'>Laert.</span> <span class='ocrx_word' id='word_1_224' title='bbox 687 2453 760 2487; x_wconf 84' lang='lat' dir='ltr'>vit.</span> <span class='ocrx_word' id='word_1_225' title='bbox 781 2453 920 2486; x_wconf 88' lang='lat' dir='ltr'>Zenon.</span> <span class='ocrx_word' id='word_1_226' title='bbox 939 2462 968 2484; x_wconf 88' lang='lat' dir='ltr'>s.</span> <span class='ocrx_word' id='word_1_227' title='bbox 993 2462 1045 2485; x_wconf 86' lang='grc' dir='ltr'>ιο.</span> <span class='ocrx_word' id='word_1_228' title='bbox 1067 2462 1102 2496; x_wconf 89' lang='lat' dir='ltr'>p.</span> <span class='ocrx_word' id='word_1_229' title='bbox 1120 2461 1199 2498; x_wconf 81' lang='lat'>37¹·</span> <span class='ocrx_word' id='word_1_230' title='bbox 1223 2448 1280 2485; x_wconf 81' lang='lat' dir='ltr'>ed.</span> <span class='ocrx_word' id='word_1_231' title='bbox 1299 2448 1481 2485; x_wconf 81' lang='lat' dir='ltr'>Meibom.</span> 
     </span>
    </p>
   </div>
   <div class='ocr_carea' id='block_1_3' title="bbox 287 2519 1109 2567">
    <p class='ocr_par' dir='ltr' id='par_1_5' title="bbox 287 2519 1109 2567">
     <span class='ocr_line' id='line_1_33' title="bbox 287 2519 1109 2567; baseline -0.007 -7"><span class='ocrx_word' id='word_1_232' title='bbox 287 2523 345 2567; x_wconf 79' lang='lat'>16)</span> <span class='ocrx_word' id='word_1_233' title='bbox 367 2522 416 2557; x_wconf 75' lang='lat' dir='ltr'>cf.</span> <span class='ocrx_word' id='word_1_234' title='bbox 435 2521 618 2559; x_wconf 78' lang='lat' dir='ltr'>Bruckeri</span> <span class='ocrx_word' id='word_1_235' title='bbox 635 2522 774 2557; x_wconf 81' lang='lat' dir='ltr'>Hister.</span> <span class='ocrx_word' id='word_1_236' title='bbox 802 2520 939 2558; x_wconf 74' lang='lat' dir='ltr'>Philus.</span> <span class='ocrx_word' id='word_1_237' title='bbox 974 2519 1023 2554; x_wconf 89' lang='lat'>11.</span> <span class='ocrx_word' id='word_1_238' title='bbox 1057 2531 1109 2554; x_wconf 78' lang='lat' dir='ltr'>io.</span> 
     </span>
    </p>
   </div>
   <div class='ocr_carea' id='block_1_4' title="bbox 1693 0 1706 3058">
    <p class='ocr_par' dir='ltr' id='par_1_6' title="bbox 1693 0 1706 3058">
     <span class='ocr_line' id='line_1_34' title="bbox 1693 0 1706 3058; baseline 0 0"><span class='ocrx_word' id='word_1_239' title='bbox 1693 0 1706 3058; x_wconf 95' lang='lat' dir='ltr'> </span> 
     </span>
    </p>
   </div>
  </div>
 </body>
</html>
