1706 3058
1384 180 1438 224 83

107 278 258 326 creati,
292 292 454 334 quove-
473 276 628 318 officio
660 277 709 320 in
741 277 936 320 comitiis
955 280 1102 321 functi
1135 296 1230 324 esse
1258 283 1438 327 videan-

107 361 192 394 tur.
250 351 375 406 Quae
406 347 586 404 quidem
618 348 818 405 quaestio
844 353 1107 404 perobscura
1140 365 1227 402 est,
1258 369 1440 413 propter

105 427 310 463 veterum
342 419 548 462 omnium
581 419 836 469 silentium,
869 436 1014 478 neque
1047 424 1172 466 aliter
1201 441 1224 467 a
1261 443 1332 469 me
1353 440 1434 470 tra-

104 493 211 544 ctari
240 491 420 549 poterit,
454 491 538 532 nisi
573 491 650 540 ita,
681 502 732 532 ut
762 492 951 533 refutata
983 496 1167 537 Luzacii
1198 502 1433 549 sententia,

101 579 248 606 meam
281 565 636 619 qualemcunque
657 568 960 615 conjecturam
990 581 1250 622 proponam.
1312 573 1435 614 Ultra

101 642 390 690 conjectura-s.
411 633 533 675 enim
564 637 647 675 hac
677 634 724 674 in
762 646 885 689 parte
926 637 1136 692 progredi
1178 654 1268 681 non
1300 641 1431 691 licet;

101 706 234 750 certis
266 691 403 762 atque
420 695 620 762 “disertis
664 705 926 747 testimoniis
958 709 1089 762 plane
1127 710 1430 756 destituimur.

95 790 154 812 ·.-
183 776 404 819 Luzacius
433 760 601 833 itaque,
634 789 871 834 postquam
892 781 1281 832 commemoravit,
1312 785 1430 826 acci-

94 848 210 890 disse
241 848 511 904 saepissime,
541 860 594 900 ut
622 849 924 891 discederetur
944 864 966 890 a
990 850 1138 891 ve‘tere
1161 851 1234 893 illa
1257 866 1300 895 et
1322 871 1426 911 pru-

97 908 359 961 dentissima
384 921 494 975 lege,
518 933 628 975 quae
650 931 822 961 vetaret
842 921 986 962 ullum
1005 921 1203 975 ψήφισμα
1220 922 1429 981 ἀπροβού-

93 998 261 1042 λευτον,
293 993 459 1031 Senatu
490 1006 581 1032 non
615 993 839 1039 consulto,
872 990 904 1033 i.
938 1007 973 1032 e.
1004 990 1103 1033 sine
1135 995 1321 1036 Senatus
1353 1012 1427 1038 au-

95 1061 300 1104 ctoritate
330 1062 384 1101 ad
414 1063 637 1121 populum
669 1061 800 1110 ferri,
843 1076 984 1118 eoque
1014 1062 1181 1105 factum
1215 1080 1331 1115 esse,
1376 1080 1428 1111 ut

91 1133 139 1176 in
170 1131 395 1184 ejusmodi
426 1135 556 1174 rebus
588 1134 710 1173 nulla
742 1147 832 1175 esse
866 1144 1050 1189 possent
1079 1138 1343 1180 Senatorum
1375 1140 1427 1182 in

91 1202 291 1246 comitiis
316 1214 476 1259 partes,
508 1206 631 1245 nulla
662 1204 927 1253 auctoritas;
959 1220 1140 1247 necesse
1171 1207 1309 1250 fuisse
1338 1226 1426 1266 pu-

88 1286 163 1326 tat,
193 1285 244 1316 ut
274 1275 491 1328 ejusmodi
513 1275 722 1317 Comitiis
756 1287 1011 1332 praeessent
1043 1277 1116 1318 alii
1148 1292 1283 1335 quam
1312 1283 1425 1335 Pry..

90 1358 215 1389 tanes
255 1358 333 1388 aut
371 1345 554 1388 Proedri
598 1362 621 1389 e
660 1347 926 1402 Prytanibus
970 1347 1112 1389 ducti.
1180 1350 1342 1405 „Quin
1372 1353 1425 1396 in

88 1417 411 1467 universum,“
443 1417 607 1474 inquit,
635 1420 777 1476 „quia
809 1419 1009 1462 accidere
1039 1431 1234 1475 poterat,
1267 1435 1320 1464 ut
1348 1427 1425 1467 Se-

87 1500 219 1531 natus
248 1488 470 1541 judicium
502 1486 574 1530 v'el
605 1490 843 1531 auctoritas
873 1505 976 1532 cum
1003 1492 1238 1533 voluntate
1258 1505 1337 1535 aut
1355 1511 1421 1537 ar-

89 1561 195 1601 dore
223 1559 376 1615 populi
408 1560 743 1602 conflictaretur
772 1575 823 1602 ac
843 1563 967 1603 velut
985 1561 1281 1612 collideretur,
1313 1565 1422 1609 hinc

85 1632 255 1674 factum
297 1630 500 1684 videtur,
541 1643 617 1684 ut,
658 1631 960 1674 invalescente
1002 1633 1144 1689 magis
1183 1637 1419 1694 magisque

84 1701 393 1750 Democratia‚
425 1700 465 1743 si
495 1703 647 1745 minus
664 1702 822 1758 populi
842 1702 1048 1752 licentia,
1082 1704 1158 1746 hic
1188 1706 1274 1748 sibi
1295 1724 1419 1751 suae-

85 1788 174 1830 que
204 1772 414 1829 dignitati
443 1774 700 1814 consultum
732 1773 949 1824 voluerit,
983 1775 1111 1817 lectis
1142 1777 1341 1833 Epistata
1373 1793 1419 1824 et

82 1840 316 1893 Proedrisf
356 1844 435 1900 qui
466 1859 544 1886 sua
583 1849 680 1897 jura
709 1859 845 1886 suave
876 1845 1038 1901 placita
1079 1858 1335 1900 tuerentur,
1375 1852 1416 1894 si

83 1917 265 1972 quando
295 1931 320 1957 a
349 1916 617 1969 Prytanibus
647 1926 690 1957 et
732 1919 898 1958 Senatu
926 1918 1098 1961 Concio
1132 1921 1415 1967 dissideret.“

79 2011 139 2021 ·—
167 1990 218 2029 In
242 1978 429 2044 vpromtu
460 1982 730 2043 suntjquae
761 2001 982 2043 reponam.
1041 1990 1269 2047 Primum,
1309 2009 1415 2038 cum

81 2057 369 2100 verissimum
400 2058 478 2109 sit,
509 2073 718 2115 persaepe
748 2060 867 2115 leges
902 2061 953 2101 ab
975 2062 1223 2104 oratoribus
1255 2066 1309 2104 ad
1328 2081 1414 2121 po—

79 2115 250 2186 pulum·
270 2130 376 2172 latas
408 2144 524 2176 esse,
557 2128 694 2171 etiam
723 2129 761 2171 si
792 2131 968 2172 nquum
1000 2133 1053 2173 de
1073 2134 1229 2174 eadem
1257 2151 1304 2176 re
1336 2151 1409 2177 an-

78 2210 150 2242 tea
181 2200 348 2242 factum
380 2212 494 2242 esset
529 2202 992 2250 Senatusconsultum,
1025 2214 1176 2244 tamen
1207 2207 1293 2248 hoc
1323 2222 1414 2248 un·-

76 2285 216 2328 quam
244 2287 322 2328 per
350 2273 469 2328 leges
510 2271 690 2314 licuisse
731 2288 866 2330 nego,
908 2272 1177 2329 negabitque
1215 2292 1407 2326 mecum,

77 2343 281 2400 quisquis
313 2345 385 2384 vel
414 2358 550 2384 unam
583 2337 900 2385 Demosthenis
933 2337 1138 2386 adversus
1166 2349 1408 2391 Androtio-

78 2422 183 2455 nem
214 2415 467 2456 orationem
508 2426 710 2456 accurate
748 2414 995 2472 perlegerit.
1055 2416 1249 2459 Maxima
1286 2419 1411 2462 enim

77 2487 224 2537 hujusrf
262 2486 477 2530 orationis
532 2500 630 2542 pars
677 2485 726 2527 in
772 2501 824 2528 eo
874 2498 1098 2537 versatur,
1158 2501 1208 2530 nt
1254 2502 1408 2532 osten—

80 2556 178 2604 dat,
219 2556 462 2613 deliquisse
482 2557 802 2600 Androtionem
820 2589 831 2606 ‚
877 2557 954 2614 qui
974 2559 1172 2613 ψήφισμα
1202 2560 1408 2617 ἀπροβού-

78 2631 222 2670 λευτον
251 2628 304 2668 ad
330 2629 544 2684 populum
570 2627 768 2682 tulisset,
805 2643 1074 2686 quamquam
1108 2633 1160 2671 de
1188 2646 1234 2671 re
1269 2631 1408 2673 levis-

79 2696 191 2741 sir'na
210 2698 325 2741 etin
358 2713 445 2756 qua
461 2700 539 2741 vix
572 2699 738 2755 requiri
767 2700 967 2756 potuisse
998 2704 1183 2743 Senatus
1215 2700 1403 2743 auctori·

1051 2775 1087 2813 G
1111 2786 1131 2813 2
