1706 3058
697 538 769 568 DE

66 628 534 690 *cOMITIIS
604 627 1397 705 ATHENOENSIUM.

435 756 676 801 LIBER·
727 753 1039 798 PRIMUS.

522 915 836 962 CAPUT
908 916 949 960 I.

359 1014 434 1058 De
496 1013 799 1057 comitiorum
853 1009 1116 1072 generibus·

75 1096 299 1195 Duplex
317 1137 453 1180 statui
474 1139 604 1179 debet
627 1151 764 1194 genus
788 1133 1084 1177 comitiorum
1097 1135 1131 1184 ¹)
1151 1132 1223 1171 vel
1250 1143 1404 1171 eorum

77 1220 414 1258 conventuum,
448 1209 497 1250 in
528 1207 690 1265 quibus
714 1210 767 1249 de
799 1205 996 1264 publicis
1030 1202 1224 1261 negotiis
1247 1217 1268 1242 a
1289 1201 1408 1242 civi-

76 1284 160 1324 bus
188 1276 469 1323 consultatur
490 1295 539 1321 ac
561 1279 834 1332 decernitur3
863 1293 968 1319 nam
991 1287 1077 1318 aut·
1100 1274 1311 1316 universa
1343 1272 1409 1313 ci·

76 1353 193 1394 vitas
214 1351 430 1395 convenit
451 1363 636 1409 propter
657 1352 860 1409 negotia,
894 1350 950 1390 ad
980 1362 1202 1391 summam
1223 1361 1409 1400 rempu-

74 1423 242 1465 blicam
263 1424 540 1480 pertinentia
566 1424 868 1481 omnibusque
893 1417 1179 1466 communia,
1214 1428 1291 1458 aut
1313 1416 1408 1457 sin-

75 1497 205 1552 gulae
227 1495 426 1537 civitatis
449 1506 618 1551 partes,
638 1495 780 1537 veluti
800 1494 940 1536 tribus
964 1504 1007 1534 et
1026 1490 1186 1548 populi
1207 1503 1240 1529 s.
1265 1484 1406 1539 demi,

75 1566 366 1622 publicorum
396 1566 579 1622 quidem
600 1564 888 1621 negotiorum
913 1578 1068 1610 causa,
1101 1562 1178 1602 sed
1203 1574 1314 1616 quae
1338 1571 1409 1600 ta-

76 1643 182 1679 men
218 1637 314 1679 istis
346 1637 548 1693 partibus
577 1633 717 1689 magis
752 1633 840 1674 sint
871 1633 1062 1690 propria.
1124 1632 1240 1673 Illud
1269 1646 1408 1686 genus

76 1705 294 1761 peculim-i
327 1709 551 1750 ecclesiae
583 1704 770 1746 nomine
801 1705 1070 1760 appellatum
1103 1705 1190 1743 hoc
1220 1704 1409 1744 alterum

77 1775 234 1832 ἆγορὰν
263 1777 436 1834 dictum
476 1777 673 1830 conjicio
708 1792 757 1818 ex
800 1774 1030 1817 Aeschinis
1071 1772 1258 1814 oratoris
1291 1775 1406 1819 loco,

77 1846 160 1887 Ubi
189 1837 275 1889 ast?
314 1850 469 1907 ’ἔγραψε
500 1851 698 1905 ψήφισμα
727 1850 1022 1903 Δημοσθένης,
1054 1844 1211 1902 ἀγοράν
1238 1851 1408 1898 ποιῆσαι

78 1925 157 1962 τῶν
196 1923 405 1975 ‹pul-nist).
465 1925 749 1980 Quamquam
773 1918 1024 1976 antiquitus
1056 1915 1191 1958 latius
1229 1918 1408 1972 patebat

129 2063 163 2105 1)
184 2063 376 2098 Graecum
394 2062 580 2109 ἐκκλησίας
594 2063 818 2098 vocabulum
834 2073 910 2096 non
921 2073 996 2095 uno
1014 2070 1166 2104 semper
1175 2059 1288 2093 modo
1307 2071 1330 2094 a
1346 2071 1412 2095 me

81 2133 298 2167 expressum
315 2132 391 2167 est3
412 2127 517 2168 cujus
544 2127 601 2159 rei
626 2125 688 2158 hic
713 2123 808 2158 mihi
827 2122 1020 2157 reddenda
1048 2126 1105 2154 est
1122 2121 1231 2154 ratio.
1283 2121 1411 2155 Comi—

79 2183 223 2217 tiorum
242 2189 282 2217 et
309 2185 502 2219 concionis
530 2186 686 2220 nomina
713 2196 847 2231 graeco
876 2196 952 2218 non
981 2182 1135 2217 omnino
1156 2182 1409 2226 respondent3

80 2251 283 2290 utrumque
308 2245 473 2290 aliquam
496 2246 781 2290 significationis
808 2245 910 2280 illius
936 2251 1106 2290 partem,
1131 2249 1310 2276 neutrum
1332 2255 1412 2277 om—

80 2316 171 2339 nem
195 2306 379 2350 exprimit.
440 2308 573 2352 Itaque
608 2307 716 2341 latini
748 2307 950 2352 scriptores
983 2306 1219 2339 Graecorum
1249 2304 1412 2340 concilia

82 2367 195 2401 modo
213 2367 366 2402 comitia
395 2366 545 2408 dicunt,
571 2368 683 2402 modo
705 2368 918 2402 conciones.
950 2366 1011 2400 vid
1039 2364 1118 2399 Cic.
1148 2366 1254 2399 Verr.
1284 2367 1333 2399 II.
1365 2377 1410 2409 52

83 2433 123 2460 et
139 2427 247 2470 alibi3
275 2428 324 2462 cf.
343 2439 411 2472 pro
439 2429 584 2471 Flacco,
611 2440 690 2474 cap.
709 2442 741 2476 7.
764 2429 843 2463 Liv.
865 2428 1040 2462 XXXIII.
1062 2430 1116 2464 28.
1131 2425 1412 2469 Nonnunquam

85 2486 200 2521 etiam
225 2498 402 2532 graecum
427 2490 651 2524 vocabulum
677 2489 864 2523 ecclesiam
886 2489 1073 2530 retinent,
1108 2492 1150 2520 ut
1175 2485 1316 2518 Plinius
1340 2486 1407 2528 Ep.

83 2548 128 2581 X.
151 2559 227 2582 111.
250 2549 390 2595 aliique
408 2551 530 2586 multi.
580 2552 635 2586 Ex
651 2552 710 2585 his
730 2551 922 2586 vocabulis
936 2575 946 2593 ,
973 2548 1074 2596 quod
1093 2547 1234 2594 ubique
1250 2547 1411 2584 maxime

83 2609 288 2648 convenire
309 2611 525 2655 videbatur,
557 2624 602 2647 eo
628 2624 713 2646 usus
741 2623 836 2646 sum.

130 2695 165 2738 2)
185 2695 359 2734 Aeschin.
383 2696 526 2732 advers.
563 2695 798 2742 Ctesiphont.
829 2708 865 2741 p.
891 2708 971 2741 421.
996 2695 1044 2730 ed
1065 2694 1193 2730 Reisk.
