1706 3058
1379 118 1455 160 191

127 196 447 256 docuimus⁵⁸);
501 199 708 247 alterum,
764 201 887 255 quod
927 201 1135 254 mysteria
1176 205 1460 259 profanasset,

125 270 250 326 quod
289 268 461 311 crimen
501 268 680 324 proprie
722 268 888 327 ἀσέβεια
927 285 1038 322 erat,
1088 287 1231 330 eoque
1273 278 1460 322 nomine

121 341 368 397 appellatur
405 340 454 381 in
484 339 575 396 ipsa
608 342 808 383 Thessali
841 355 996 385 contra
1027 344 1296 388 Alcibiadem
1329 353 1460 408 εἰσαγ-

120 416 258 471 γελίᾳ,
310 418 436 466 qu'us
476 423 646 468 partem
696 413 896 455 servavit
937 414 1069 456 nobis
1111 418 1372 462 Plutarchus
1390 426 1454 477 ⁵⁹),

119 487 262 541 Atque
293 482 482 540 ἀσεβείας
513 493 604 525 erat
634 484 775 540 γραφή
807 486 923 540 apud
966 501 1115 542 regem
1147 496 1456 547 sacr01·um⁶‘²).

118 558 254 609 Nunc
293 566 467 604 autem,
509 553 558 594 in
603 556 686 595 hac
720 555 963 597 Alcibiadis
1011 571 1168 608 causa,
1209 575 1314 603 cum
1362 565 1454 606 duo

117 625 308 669 crimina
339 630 575 678 conjuncta
607 637 776 675 essent,
808 625 904 682 ipse
935 640 1108 677 autem,
1149 631 1226 687 qui
1260 634 1457 693 delique·

115 710 208 748 rat,
242 701 383 740 clarus
415 696 638 754 imprimis
671 708 715 738 et
746 709 909 754 potens
940 699 987 740 in
1009 700 1192 744 civitate
1223 703 1308 754 vir,
1340 718 1455 748 tem-

113 787 201 828 pus
233 781 385 813 autem
426 769 702 826 reipublicae
741 769 1200 826 periculosissimum,
1242 778 1453 820 deseren-

114 845 224 885 dum
253 853 473 899 putarunt
502 840 774 882 ordinariam
805 840 1041 899 utriusque
1073 843 1273 888 criminis
1306 865 1452 904 perse-

113 916 281 973 quendi
319 914 461 960 viam,
500 910 887 968 institueruntque
927 917 1177 972 εἰσαγγελίαν
1218 921 1272 960 ad
1315 923 1452 963 Sena-

111 998 227 1029 tum.
287 987 395 1028 Inde
425 998 494 1025 res
525 985 581 1023 ad
609 981 833 1036 judicium
864 988 1050 1037 rejecta3
1090 989 1340 1034 Alcibiades
1371 996 1451 1036 ab-

109 1073 212 1100 sens
246 1054 405 1113 capitis
436 1056 671 1096 damnatus
704 1065 782 1095 est.

193 1132 397 1174 Alterum
437 1125 497 1169 sit
533 1124 829 1181 Antiphontis
872 1130 1081 1184 oratoris,
1118 1133 1450 1190 Archeptolemi

109 1214 154 1246 et
187 1198 446 1245 Onomaclis
486 1198 753 1253 exemplum.
813 1200 907 1240 Hos
946 1213 1094 1243 narrat
1122 1206 1450 1250 Pseudo-Plu..

106 1272 345 1330 tarchus⁶²)
385 1286 464 1328 per
501 1273 752 1326 εἰσαγγελίαν
791 1270 846 1310 ad
885 1273 1097 1316 Senatum
1138 1277 1304 1318 delatos
1338 1294 1446 1330 esse,

106 1347 228 1404 quod
257 1344 355 1386 sine
383 1341 562 1400 publica
595 1341 859 1383 auctoritate
881 1353 923 1384 et
946 1356 1101 1387 contra
1122 1351 1446 1405 rempublicam

105 1434 130 1460 e
161 1415 315 1459 caetris
344 1413 498 1456 hostili
527 1427 641 1453 nave
669 1411 789 1453 vecti
822 1424 865 1454 et
887 1429 966 1470 per
986 1419 1250 1473 Deceleam,
1281 1425 1333 1465 ab
1366 1428 1446 1467 ho-

103 1490 248 1532 stibus
289 1495 575 1540 occupatam,
623 1482 812 1539 pedibus
861 1486 1077 1540 profecti,
1139 1493 1446 1538 Lacedaemo..

104 1577 207 1604 nem
241 1571 453 1613 tanquam
482 1554 617 1611 legati
649 1554 947 1608 abiissent⁶²).
1010 1560 1105 1601 Hac
1138 1563 1358 1608 delatione
1376 1583 1443 1611 ac-

103 1643 230 1689 cepta
263 1634 449 1673 Senatus
472 1641 546 1667 eos
565 1627 922 1683 prehendendos,
954 1626 1003 1668 in
1023 1631 1245 1681 judicium
1277 1637 1444 1681 sisten-

103 1707 182 1747 dos
225 1714 268 1745 et
305 1717 329 1744 a
370 1697 527 1742 creatis
565 1695 745 1753 publice
791 1699 1122 1747 accusatoribus
1170 1717 1214 1748 et
1265 1709 1303 1750 si
1343 1712 1441 1767 quis

100 1775 214 1818 alius
253 1775 412 1820 vellet,
465 1767 739 1828 proditionis
793 1773 1065 1815 accusandos
1116 1790 1210 1818 esse
1251 1783 1441 1829 censuit.

99 1845 406 1890 Condemnati
447 1839 670 1899 supplicio
710 1840 859 1883 affecti
893 1854 1017 1894 sunt,
1065 1845 1152 1903 ipsi
1184 1855 1439 1907 sepulturae

98 1920 268 1960 honore
298 1914 485 1974 privati,
531 1916 648 1956 bona
678 1927 832 1956 eorum
859 1915 1105 1971 publicata,
1150 1923 1276 1964 aedes
1310 1925 1437 1969 diru-

142 2045 202 2089 58)
224 2043 423 2078 Demosth.
446 2055 500 2078 or.
529 2055 559 2077 2.
580 2041 620 2075 in
641 2041 817 2088 Stephan.
838 2053 876 2087 p.
912 2055 1011 2091 1137.

141 2114 202 2160 59)
229 2113 303 2147 Vit.
331 2110 514 2146 Alcibiad.
543 2121 623 2156 cap.
654 2123 708 2145 22.
739 2111 790 2146 cf.
819 2112 870 2148 ib.
901 2124 980 2157 cap.
1013 2125 1063 2160 19.
1101 2122 1139 2149 et
1163 2118 1434 2159 Pseudo—Plu-

96 2175 214 2210 tarch.
244 2174 337 2209 Vitt.
361 2175 405 2209 X.
439 2173 563 2208 Oratt.
613 2172 655 2206 in
678 2172 859 2207 Andocid.
887 2173 994 2208 Tom.
1022 2177 1072 2209 II.
1102 2189 1139 2222 p.
1166 2184 1246 2225 834„

141 2245 201 2288 60)
224 2244 355 2290 Lysias
374 2243 414 2277 in
431 2241 613 2276 Andocid.
635 2253 670 2286 p.
704 2255 780 2287 104.
804 2254 858 2287 15.
883 2242 931 2276 cf.
963 2244 1161 2282 Demosth.
1193 2249 1274 2285 adv.
1301 2253 1430 2289 Timo-

96 2312 187 2341 crat.
204 2317 240 2350 p.
258 2317 337 2352 702.
359 2305 440 2339 adV.
464 2304 620 2339 Androt.
644 2316 681 2350 p.
703 2306 782 2340 601.
806 2303 940 2338 Pollux
965 2305 1071 2341 VIII.
1102 2320 1159 2353 40.
1182 2323 1239 2356 90,

139 2389 199 2433 61)
224 2389 315 2423 Vitt.
347 2390 392 2424 X.
424 2389 545 2424 Oratt.
574 2389 615 2423 in
643 2388 900 2434 Antiphonte,
941 2399 979 2434 p.
1006 2393 1085 2434 855.
1115 2391 1158 2426 E.
1189 2394 1238 2433 cf.
1269 2397 1424 2435 Herald.

94 2461 175 2495 cap.
220 2460 364 2484 10.11.

115 2519 197 2561 62)
229 2519 321 2552 Erat
344 2518 459 2563 igitur
485 2518 581 2554 haee
609 2518 810 2567 εἰσαγγελία
831 2530 877 2553 ex
902 2530 947 2553 eo
979 2529 1142 2564 genere,
1174 2525 1272 2569 quod
1290 2528 1423 2563 Pollux-

89 2580 196 2615 VIII.
212 2587 277 2625 52.
302 2587 509 2615 memorat.
544 2579 640 2616 zarai
663 2581 739 2618 ’τῶν
769 2578 861 2627 aretis
889 2593 974 2617 τους
1002 2584 1201 2630 πολεμίους
1236 2586 1321 2627 ἀνευ
1353 2603 1420 2626 τον

85 2640 310 2687 πεμᾳθῆναι
327 2638 586 2680 ἀπελθόντων·
