<?xml version="1.0" encoding="UTF-8"?>
<!DOCTYPE html PUBLIC "-//W3C//DTD XHTML 1.0 Transitional//EN"
    "http://www.w3.org/TR/xhtml1/DTD/xhtml1-transitional.dtd">
<html xmlns="http://www.w3.org/1999/xhtml" xml:lang="en" lang="en">
 <head>
  <title>
</title>
<meta http-equiv="Content-Type" content="text/html;charset=utf-8" />
  <meta name='ocr-system' content='tesseract 3.04.00' />
  <meta name='ocr-capabilities' content='ocr_page ocr_carea ocr_par ocr_line ocrx_word'/>
</head>
<body>
  <div class='ocr_page' id='page_1' title='image "./decomitiisatheni00sch_0170.png"; bbox 0 0 1706 3058; ppageno 0'>
   <div class='ocr_carea' id='block_1_1' title="bbox 267 140 311 151">
    <p class='ocr_par' dir='ltr' id='par_1_1' title="bbox 267 140 311 151">
     <span class='ocr_line' id='line_1_1' title="bbox 267 140 311 151; baseline 0 0"><span class='ocrx_word' id='word_1_1' title='bbox 267 140 311 151; x_wconf 71' lang='grc'>1-1</span> 
     </span>
    </p>
   </div>
   <div class='ocr_carea' id='block_1_2' title="bbox 241 155 320 185">
    <p class='ocr_par' dir='ltr' id='par_1_2' title="bbox 241 155 320 185">
     <span class='ocr_line' id='line_1_2' title="bbox 241 155 320 185; baseline 0.051 -4"><span class='ocrx_word' id='word_1_2' title='bbox 241 155 253 181; x_wconf 86' lang='grc'>1</span> <span class='ocrx_word' id='word_1_3' title='bbox 266 155 320 185; x_wconf 59' lang='grc' dir='ltr'>,ἢ</span> 
     </span>
    </p>
   </div>
   <div class='ocr_carea' id='block_1_3' title="bbox 237 247 1567 1442">
    <p class='ocr_par' dir='ltr' id='par_1_3' title="bbox 237 247 1559 374">
     <span class='ocr_line' id='line_1_3' title="bbox 237 247 1559 308; baseline 0.004 -18"><span class='ocrx_word' id='word_1_4' title='bbox 237 248 299 290; x_wconf 81' lang='lat' dir='ltr'>Ac</span> <span class='ocrx_word' id='word_1_5' title='bbox 333 249 512 289; x_wconf 73' lang='lat' dir='ltr'>fortasse</span> <span class='ocrx_word' id='word_1_6' title='bbox 543 249 716 288; x_wconf 85' lang='lat' dir='ltr'>nullum</span> <span class='ocrx_word' id='word_1_7' title='bbox 748 259 813 291; x_wconf 75' lang='lat' dir='ltr'>est</span> <span class='ocrx_word' id='word_1_8' title='bbox 846 262 899 290; x_wconf 86' lang='lat' dir='ltr'>ex</span> <span class='ocrx_word' id='word_1_9' title='bbox 933 247 1003 290; x_wconf 79' lang='lat' dir='ltr'>his</span> <span class='ocrx_word' id='word_1_10' title='bbox 1040 248 1255 291; x_wconf 74' lang='lat' dir='ltr'>omnibus</span> <span class='ocrx_word' id='word_1_11' title='bbox 1284 250 1559 308; x_wconf 66' lang='lat' dir='ltr'>Psephiflmt·</span> 
     </span>
     <span class='ocr_line' id='line_1_4' title="bbox 240 318 1282 374; baseline 0.002 -14"><span class='ocrx_word' id='word_1_12' title='bbox 240 318 311 365; x_wconf 81' lang='lat' dir='ltr'>tis,</span> <span class='ocrx_word' id='word_1_13' title='bbox 343 318 391 359; x_wconf 82' lang='lat' dir='ltr'>in</span> <span class='ocrx_word' id='word_1_14' title='bbox 426 332 515 374; x_wconf 90' lang='lat' dir='ltr'>quo</span> <span class='ocrx_word' id='word_1_15' title='bbox 546 318 659 360; x_wconf 84' lang='lat' dir='ltr'>nihil</span> <span class='ocrx_word' id='word_1_16' title='bbox 689 320 742 361; x_wconf 87' lang='lat' dir='ltr'>ab</span> <span class='ocrx_word' id='word_1_17' title='bbox 767 331 939 361; x_wconf 81' lang='lat' dir='ltr'>oratore</span> <span class='ocrx_word' id='word_1_18' title='bbox 969 319 1180 362; x_wconf 77' lang='lat' dir='ltr'>omissum</span> <span class='ocrx_word' id='word_1_19' title='bbox 1210 320 1282 362; x_wconf 89' lang='lat' dir='ltr'>sit.</span> 
     </span>
    </p>

    <p class='ocr_par' dir='ltr' id='par_1_4' title="bbox 237 390 1565 945">
     <span class='ocr_line' id='line_1_5' title="bbox 325 390 1561 448; baseline 0.003 -17"><span class='ocrx_word' id='word_1_20' title='bbox 325 390 372 432; x_wconf 90' lang='lat' dir='ltr'>Si</span> <span class='ocrx_word' id='word_1_21' title='bbox 405 404 427 430; x_wconf 90' lang='lat' dir='ltr'>e</span> <span class='ocrx_word' id='word_1_22' title='bbox 460 391 671 437; x_wconf 80' lang='lat' dir='ltr'>Senatus,</span> <span class='ocrx_word' id='word_1_23' title='bbox 725 390 1028 448; x_wconf 82' lang='lat' dir='ltr'>Stratcgorum</span> <span class='ocrx_word' id='word_1_24' title='bbox 1073 391 1241 432; x_wconf 88' lang='lat' dir='ltr'>aliusve</span> <span class='ocrx_word' id='word_1_25' title='bbox 1280 391 1561 448; x_wconf 74' lang='lat' dir='ltr'><strong>magistratus</strong></span> 
     </span>
     <span class='ocr_line' id='line_1_6' title="bbox 239 459 1560 520; baseline 0 -17"><span class='ocrx_word' id='word_1_26' title='bbox 239 460 501 503; x_wconf 84' lang='lat' dir='ltr'>auctoritate</span> <span class='ocrx_word' id='word_1_27' title='bbox 531 459 700 517; x_wconf 85' lang='lat' dir='ltr'>rogatio</span> <span class='ocrx_word' id='word_1_28' title='bbox 732 462 786 502; x_wconf 88' lang='lat' dir='ltr'>ad</span> <span class='ocrx_word' id='word_1_29' title='bbox 816 463 1032 517; x_wconf 82' lang='lat' dir='ltr'>populum</span> <span class='ocrx_word' id='word_1_30' title='bbox 1059 463 1143 502; x_wconf 87' lang='lat' dir='ltr'>lata</span> <span class='ocrx_word' id='word_1_31' title='bbox 1176 473 1288 515; x_wconf 90' lang='lat' dir='ltr'>erat,</span> <span class='ocrx_word' id='word_1_32' title='bbox 1329 465 1414 504; x_wconf 86' lang='lat' dir='ltr'>hoc</span> <span class='ocrx_word' id='word_1_33' title='bbox 1443 478 1560 520; x_wconf 88' lang='lat' dir='ltr'>quo..</span> 
     </span>
     <span class='ocr_line' id='line_1_7' title="bbox 239 531 1561 590; baseline 0.003 -17"><span class='ocrx_word' id='word_1_34' title='bbox 239 547 323 589; x_wconf 88' lang='lat' dir='ltr'>que</span> <span class='ocrx_word' id='word_1_35' title='bbox 353 545 678 587; x_wconf 86' lang='lat' dir='ltr'><strong>nonnunquam</strong></span> <span class='ocrx_word' id='word_1_36' title='bbox 708 533 757 572; x_wconf 89' lang='lat' dir='ltr'>in</span> <span class='ocrx_word' id='word_1_37' title='bbox 784 531 852 573; x_wconf 81' lang='lat' dir='ltr'>his</span> <span class='ocrx_word' id='word_1_38' title='bbox 881 532 1226 589; x_wconf 84' lang='lat' dir='ltr'>Psephismatis,</span> <span class='ocrx_word' id='word_1_39' title='bbox 1257 546 1368 590; x_wconf 85' lang='lat' dir='ltr'>quae</span> <span class='ocrx_word' id='word_1_40' title='bbox 1398 538 1561 576; x_wconf 90' lang='lat' dir='ltr'>Demo·</span> 
     </span>
     <span class='ocr_line' id='line_1_8' title="bbox 238 602 1563 665; baseline 0.005 -21"><span class='ocrx_word' id='word_1_41' title='bbox 238 605 414 644; x_wconf 76' lang='lat' dir='ltr'>sthenes</span> <span class='ocrx_word' id='word_1_42' title='bbox 445 602 656 655; x_wconf 82' lang='lat' dir='ltr'>servavit,</span> <span class='ocrx_word' id='word_1_43' title='bbox 687 602 908 645; x_wconf 86' lang='lat' dir='ltr'>indicatur</span> <span class='ocrx_word' id='word_1_44' title='bbox 938 607 1020 645; x_wconf 87' lang='lat' dir='ltr'>hac</span> <span class='ocrx_word' id='word_1_45' title='bbox 1051 605 1263 646; x_wconf 82' lang='lat' dir='ltr'>formula:</span> <span class='ocrx_word' id='word_1_46' title='bbox 1295 606 1434 665; x_wconf 75' lang='grc' dir='ltr'><em>γνώμῃ</em></span> <span class='ocrx_word' id='word_1_47' title='bbox 1466 611 1563 662; x_wconf 60' lang='grc' dir='ltr'>βου.</span> 
     </span>
     <span class='ocr_line' id='line_1_9' title="bbox 237 675 1563 733; baseline 0 -15"><span class='ocrx_word' id='word_1_48' title='bbox 237 680 336 727; x_wconf 78' lang='grc' dir='ltr'><strong><em>λῆς,</em></strong></span> <span class='ocrx_word' id='word_1_49' title='bbox 367 681 619 731; x_wconf 79' lang='grc' dir='ltr'><em>στρατηγῶν,</em></span> <span class='ocrx_word' id='word_1_50' title='bbox 655 675 934 730; x_wconf 79' lang='grc' dir='ltr'><strong><em>Πολεμάρχου,</em></strong></span> <span class='ocrx_word' id='word_1_51' title='bbox 967 677 1018 716; x_wconf 92' lang='lat' dir='ltr'>de</span> <span class='ocrx_word' id='word_1_52' title='bbox 1051 691 1136 731; x_wconf 89' lang='lat' dir='ltr'>qua</span> <span class='ocrx_word' id='word_1_53' title='bbox 1167 682 1253 730; x_wconf 88' lang='lat' dir='ltr'>jam</span> <span class='ocrx_word' id='word_1_54' title='bbox 1284 692 1414 733; x_wconf 88' lang='lat' dir='ltr'>supra</span> <span class='ocrx_word' id='word_1_55' title='bbox 1441 679 1563 719; x_wconf 89' lang='lat' dir='ltr'>locu-</span> 
     </span>
     <span class='ocr_line' id='line_1_10' title="bbox 240 744 1564 791; baseline 0.005 -7"><span class='ocrx_word' id='word_1_56' title='bbox 240 755 312 785; x_wconf 84' lang='lat' dir='ltr'>tus</span> <span class='ocrx_word' id='word_1_57' title='bbox 343 759 455 786; x_wconf 87' lang='lat' dir='ltr'>sum.</span> <span class='ocrx_word' id='word_1_58' title='bbox 515 744 665 786; x_wconf 85' lang='lat' dir='ltr'>Etiam</span> <span class='ocrx_word' id='word_1_59' title='bbox 706 744 743 785; x_wconf 85' lang='lat' dir='ltr'>si</span> <span class='ocrx_word' id='word_1_60' title='bbox 783 745 831 786; x_wconf 89' lang='lat' dir='ltr'>in</span> <span class='ocrx_word' id='word_1_61' title='bbox 871 746 1227 788; x_wconf 79' lang='lat' dir='ltr'><strong>extraordinariis</strong></span> <span class='ocrx_word' id='word_1_62' title='bbox 1258 747 1454 789; x_wconf 85' lang='lat' dir='ltr'>comitiis</span> <span class='ocrx_word' id='word_1_63' title='bbox 1495 751 1564 791; x_wconf 82' lang='lat' dir='ltr'>lex</span> 
     </span>
     <span class='ocr_line' id='line_1_11' title="bbox 237 815 1565 870; baseline 0.005 -14"><span class='ocrx_word' id='word_1_64' title='bbox 237 817 400 870; x_wconf 86' lang='lat' dir='ltr'>perlata</span> <span class='ocrx_word' id='word_1_65' title='bbox 432 827 546 868; x_wconf 87' lang='lat' dir='ltr'>erat,</span> <span class='ocrx_word' id='word_1_66' title='bbox 588 819 682 868; x_wconf 87' lang='lat' dir='ltr'>ejus</span> <span class='ocrx_word' id='word_1_67' title='bbox 711 815 776 858; x_wconf 86' lang='lat' dir='ltr'>rei</span> <span class='ocrx_word' id='word_1_68' title='bbox 819 817 1185 860; x_wconf 83' lang='lat' dir='ltr'>commemoratio</span> <span class='ocrx_word' id='word_1_69' title='bbox 1225 817 1325 859; x_wconf 88' lang='lat' dir='ltr'>addi</span> <span class='ocrx_word' id='word_1_70' title='bbox 1364 821 1477 861; x_wconf 78' lang='lat' dir='ltr'>solet</span> <span class='ocrx_word' id='word_1_71' title='bbox 1515 820 1565 863; x_wconf 87' lang='lat' dir='ltr'>in</span> 
     </span>
     <span class='ocr_line' id='line_1_12' title="bbox 238 887 661 945; baseline 0.005 -17"><span class='ocrx_word' id='word_1_72' title='bbox 238 887 585 945; x_wconf 86' lang='lat' dir='ltr'>praescriptione</span> <span class='ocrx_word' id='word_1_73' title='bbox 601 891 661 940; x_wconf 85' lang='lat'>¹⁸).</span> 
     </span>
    </p>

    <p class='ocr_par' dir='ltr' id='par_1_5' title="bbox 238 958 1567 1442">
     <span class='ocr_line' id='line_1_13' title="bbox 325 958 1565 1016; baseline 0.005 -17"><span class='ocrx_word' id='word_1_74' title='bbox 325 962 410 1001; x_wconf 83' lang='lat' dir='ltr'>Sed</span> <span class='ocrx_word' id='word_1_75' title='bbox 448 970 549 1016; x_wconf 86' lang='lat' dir='ltr'>post</span> <span class='ocrx_word' id='word_1_76' title='bbox 593 958 907 1016; x_wconf 84' lang='lat' dir='ltr'>Olympiadem</span> <span class='ocrx_word' id='word_1_77' title='bbox 946 959 1121 1002; x_wconf 85' lang='lat' dir='ltr'>circiter</span> <span class='ocrx_word' id='word_1_78' title='bbox 1158 963 1265 1006; x_wconf 86' lang='lat' dir='ltr'>XIV.</span> <span class='ocrx_word' id='word_1_79' title='bbox 1299 961 1565 1009; x_wconf 29' lang='lat' dir='ltr'>aliafrursus</span> 
     </span>
     <span class='ocr_line' id='line_1_14' title="bbox 238 1029 1566 1090; baseline 0.003 -18"><span class='ocrx_word' id='word_1_80' title='bbox 238 1029 595 1086; x_wconf 84' lang='lat' dir='ltr'>Psephismatum</span> <span class='ocrx_word' id='word_1_81' title='bbox 620 1032 762 1073; x_wconf 85' lang='lat' dir='ltr'>forma</span> <span class='ocrx_word' id='word_1_82' title='bbox 788 1030 1028 1073; x_wconf 79' lang='lat' dir='ltr'>invaluisse</span> <span class='ocrx_word' id='word_1_83' title='bbox 1045 1031 1238 1082; x_wconf 84' lang='lat' dir='ltr'>videtur,</span> <span class='ocrx_word' id='word_1_84' title='bbox 1271 1049 1384 1090; x_wconf 87' lang='lat' dir='ltr'>quae</span> <span class='ocrx_word' id='word_1_85' title='bbox 1415 1036 1467 1076; x_wconf 88' lang='lat' dir='ltr'>ad</span> <span class='ocrx_word' id='word_1_86' title='bbox 1498 1046 1566 1076; x_wconf 81' lang='lat' dir='ltr'>ex·</span> 
     </span>
     <span class='ocr_line' id='line_1_15' title="bbox 239 1101 1566 1161; baseline 0.004 -20"><span class='ocrx_word' id='word_1_87' title='bbox 239 1111 378 1142; x_wconf 88' lang='lat' dir='ltr'>trema</span> <span class='ocrx_word' id='word_1_88' title='bbox 410 1113 608 1158; x_wconf 86' lang='lat' dir='ltr'>tempora</span> <span class='ocrx_word' id='word_1_89' title='bbox 638 1101 905 1159; x_wconf 83' lang='lat' dir='ltr'>perduravit.</span> <span class='ocrx_word' id='word_1_90' title='bbox 965 1103 1168 1146; x_wconf 86' lang='lat' dir='ltr'>Primum</span> <span class='ocrx_word' id='word_1_91' title='bbox 1198 1105 1247 1145; x_wconf 89' lang='lat' dir='ltr'>in</span> <span class='ocrx_word' id='word_1_92' title='bbox 1269 1104 1336 1145; x_wconf 86' lang='lat' dir='ltr'>his</span> <span class='ocrx_word' id='word_1_93' title='bbox 1356 1104 1566 1161; x_wconf 85' lang='lat' dir='ltr'>Psephis-</span> 
     </span>
     <span class='ocr_line' id='line_1_16' title="bbox 239 1170 1566 1230; baseline 0.003 -18"><span class='ocrx_word' id='word_1_94' title='bbox 239 1170 372 1212; x_wconf 83' lang='lat' dir='ltr'>matis</span> <span class='ocrx_word' id='word_1_95' title='bbox 401 1183 466 1214; x_wconf 88' lang='lat' dir='ltr'>est</span> <span class='ocrx_word' id='word_1_96' title='bbox 494 1173 736 1215; x_wconf 83' lang='lat' dir='ltr'>Archontis</span> <span class='ocrx_word' id='word_1_97' title='bbox 765 1188 957 1221; x_wconf 82' lang='lat' dir='ltr'>nomen3</span> <span class='ocrx_word' id='word_1_98' title='bbox 998 1173 1199 1230; x_wconf 77' lang='lat' dir='ltr'>sequitur</span> <span class='ocrx_word' id='word_1_99' title='bbox 1230 1174 1391 1216; x_wconf 88' lang='lat' dir='ltr'>deinde</span> <span class='ocrx_word' id='word_1_100' title='bbox 1419 1177 1566 1230; x_wconf 85' lang='lat' dir='ltr'>Pryta-</span> 
     </span>
     <span class='ocr_line' id='line_1_17' title="bbox 239 1241 1567 1302; baseline 0.003 -20"><span class='ocrx_word' id='word_1_101' title='bbox 239 1241 342 1283; x_wconf 85' lang='lat' dir='ltr'>niae</span> <span class='ocrx_word' id='word_1_102' title='bbox 377 1243 638 1301; x_wconf 85' lang='lat' dir='ltr'>designatio,</span> <span class='ocrx_word' id='word_1_103' title='bbox 673 1255 716 1286; x_wconf 89' lang='lat' dir='ltr'>et</span> <span class='ocrx_word' id='word_1_104' title='bbox 747 1256 882 1302; x_wconf 88' lang='lat' dir='ltr'>quota</span> <span class='ocrx_word' id='word_1_105' title='bbox 914 1259 962 1286; x_wconf 92' lang='lat' dir='ltr'>ea</span> <span class='ocrx_word' id='word_1_106' title='bbox 991 1243 1050 1286; x_wconf 83' lang='lat' dir='ltr'>sit</span> <span class='ocrx_word' id='word_1_107' title='bbox 1077 1244 1124 1285; x_wconf 90' lang='lat' dir='ltr'>in</span> <span class='ocrx_word' id='word_1_108' title='bbox 1153 1245 1462 1299; x_wconf 87' lang='lat' dir='ltr'>Prytaniarum</span> <span class='ocrx_word' id='word_1_109' title='bbox 1492 1261 1567 1288; x_wconf 88' lang='lat' dir='ltr'>or..</span> 
     </span>
     <span class='ocr_line' id='line_1_18' title="bbox 240 1311 1567 1372; baseline 0.005 -18"><span class='ocrx_word' id='word_1_110' title='bbox 240 1311 434 1369; x_wconf 82' lang='lat' dir='ltr'>dine¹⁹),·</span> <span class='ocrx_word' id='word_1_111' title='bbox 464 1326 567 1371; x_wconf 88' lang='lat' dir='ltr'>post</span> <span class='ocrx_word' id='word_1_112' title='bbox 595 1317 707 1357; x_wconf 91' lang='lat' dir='ltr'>hanc</span> <span class='ocrx_word' id='word_1_113' title='bbox 737 1315 913 1356; x_wconf 86' lang='lat' dir='ltr'>additur</span> <span class='ocrx_word' id='word_1_114' title='bbox 933 1329 1259 1372; x_wconf 88' lang='lat' dir='ltr'>nonnunquam</span> <span class='ocrx_word' id='word_1_115' title='bbox 1279 1317 1458 1360; x_wconf 89' lang='lat' dir='ltr'>Scribae</span> <span class='ocrx_word' id='word_1_116' title='bbox 1488 1333 1567 1361; x_wconf 90' lang='lat' dir='ltr'>no·</span> 
     </span>
     <span class='ocr_line' id='line_1_19' title="bbox 238 1384 1565 1442; baseline 0.005 -18"><span class='ocrx_word' id='word_1_117' title='bbox 238 1384 428 1441; x_wconf 55' lang='lat' dir='ltr'>meum),</span> <span class='ocrx_word' id='word_1_118' title='bbox 472 1401 742 1442; x_wconf 88' lang='lat' dir='ltr'>quamquam</span> <span class='ocrx_word' id='word_1_119' title='bbox 773 1386 821 1427; x_wconf 86' lang='lat' dir='ltr'>id</span> <span class='ocrx_word' id='word_1_120' title='bbox 853 1385 1107 1439; x_wconf 84' lang='lat' dir='ltr'>saepissime</span> <span class='ocrx_word' id='word_1_121' title='bbox 1143 1386 1391 1442; x_wconf 88' lang='lat' dir='ltr'>omittitur,</span> <span class='ocrx_word' id='word_1_122' title='bbox 1432 1388 1565 1432; x_wconf 78' lang='lat' dir='ltr'>etiam</span> 
     </span>
    </p>
   </div>
   <div class='ocr_carea' id='block_1_4' title="bbox 240 1484 1571 2746">
    <p class='ocr_par' dir='ltr' id='par_1_6' title="bbox 240 1484 1571 1895">
     <span class='ocr_line' id='line_1_20' title="bbox 240 1484 1564 1532; baseline 0.005 -14"><span class='ocrx_word' id='word_1_123' title='bbox 240 1484 410 1530; x_wconf 71' lang='grc' dir='ltr'><strong><em>φανυῖσαι</em></strong></span> <span class='ocrx_word' id='word_1_124' title='bbox 433 1486 652 1522; x_wconf 79' lang='grc' dir='ltr'><strong><em>Ναυσικλέα.</em></strong></span> <span class='ocrx_word' id='word_1_125' title='bbox 702 1485 762 1520; x_wconf 85' lang='lat' dir='ltr'>Ibi</span> <span class='ocrx_word' id='word_1_126' title='bbox 793 1498 862 1531; x_wconf 89' lang='lat' dir='ltr'>pro</span> <span class='ocrx_word' id='word_1_127' title='bbox 885 1487 1076 1521; x_wconf 76' lang='lat' dir='ltr'>infinitivo</span> <span class='ocrx_word' id='word_1_128' title='bbox 1106 1487 1296 1532; x_wconf 87' lang='lat' dir='ltr'>precativo</span> <span class='ocrx_word' id='word_1_129' title='bbox 1320 1488 1564 1525; x_wconf 84' lang='lat' dir='ltr'>indicativus:</span> 
     </span>
     <span class='ocr_line' id='line_1_21' title="bbox 240 1541 1567 1596; baseline 0.006 -18"><span class='ocrx_word' id='word_1_130' title='bbox 240 1541 299 1579; x_wconf 80' lang='grc' dir='ltr'>ὅτι</span> <span class='ocrx_word' id='word_1_131' title='bbox 324 1543 440 1590; x_wconf 76' lang='grc' dir='ltr'>δοκεῖ,</span> <span class='ocrx_word' id='word_1_132' title='bbox 464 1552 679 1591; x_wconf 84' lang='lat' dir='ltr'>propterea,</span> <span class='ocrx_word' id='word_1_133' title='bbox 706 1548 834 1590; x_wconf 90' lang='lat' dir='ltr'>credo,</span> <span class='ocrx_word' id='word_1_134' title='bbox 861 1548 948 1594; x_wconf 85' lang='lat' dir='ltr'>quia</span> <span class='ocrx_word' id='word_1_135' title='bbox 970 1548 1043 1582; x_wconf 90' lang='lat' dir='ltr'>hoc</span> <span class='ocrx_word' id='word_1_136' title='bbox 1069 1547 1284 1593; x_wconf 84' lang='lat' dir='ltr'>Psephisma</span> <span class='ocrx_word' id='word_1_137' title='bbox 1309 1559 1385 1583; x_wconf 86' lang='lat' dir='ltr'>non</span> <span class='ocrx_word' id='word_1_138' title='bbox 1411 1557 1468 1584; x_wconf 88' lang='lat' dir='ltr'>est</span> <span class='ocrx_word' id='word_1_139' title='bbox 1486 1551 1567 1596; x_wconf 86' lang='lat' dir='ltr'>ipsa</span> 
     </span>
     <span class='ocr_line' id='line_1_22' title="bbox 240 1607 1568 1654; baseline 0.005 -16"><span class='ocrx_word' id='word_1_140' title='bbox 240 1607 411 1651; x_wconf 72' lang='lat' dir='ltr'>rogatio,</span> <span class='ocrx_word' id='word_1_141' title='bbox 436 1607 503 1642; x_wconf 87' lang='lat' dir='ltr'>sed</span> <span class='ocrx_word' id='word_1_142' title='bbox 527 1613 696 1641; x_wconf 81' lang='lat' dir='ltr'>actorum</span> <span class='ocrx_word' id='word_1_143' title='bbox 720 1608 879 1651; x_wconf 86' lang='lat' dir='ltr'>relatio,</span> <span class='ocrx_word' id='word_1_144' title='bbox 913 1620 1044 1654; x_wconf 73' lang='lat' dir='ltr'>quam,</span> <span class='ocrx_word' id='word_1_145' title='bbox 1079 1620 1165 1643; x_wconf 84' lang='lat' dir='ltr'>cum</span> <span class='ocrx_word' id='word_1_146' title='bbox 1190 1609 1334 1654; x_wconf 81' lang='lat' dir='ltr'>rogatio</span> <span class='ocrx_word' id='word_1_147' title='bbox 1362 1609 1409 1644; x_wconf 88' lang='lat' dir='ltr'>de</span> <span class='ocrx_word' id='word_1_148' title='bbox 1432 1611 1568 1645; x_wconf 71' lang='lat' dir='ltr'>Nausi-</span> 
     </span>
     <span class='ocr_line' id='line_1_23' title="bbox 242 1667 1570 1712; baseline 0.004 -12"><span class='ocrx_word' id='word_1_149' title='bbox 242 1667 310 1701; x_wconf 88' lang='lat' dir='ltr'>clis</span> <span class='ocrx_word' id='word_1_150' title='bbox 335 1669 555 1709; x_wconf 82' lang='lat' dir='ltr'>honoribus,</span> <span class='ocrx_word' id='word_1_151' title='bbox 582 1679 627 1702; x_wconf 88' lang='lat' dir='ltr'>ex</span> <span class='ocrx_word' id='word_1_152' title='bbox 637 1668 861 1701; x_wconf 75' lang='lat' dir='ltr'>auctoritate</span> <span class='ocrx_word' id='word_1_153' title='bbox 873 1667 1032 1701; x_wconf 81' lang='lat' dir='ltr'>Senatus</span> <span class='ocrx_word' id='word_1_154' title='bbox 1056 1668 1104 1702; x_wconf 84' lang='lat' dir='ltr'>ad</span> <span class='ocrx_word' id='word_1_155' title='bbox 1126 1669 1305 1712; x_wconf 88' lang='lat' dir='ltr'>populum</span> <span class='ocrx_word' id='word_1_156' title='bbox 1328 1670 1415 1712; x_wconf 82' lang='lat' dir='ltr'>lata,</span> <span class='ocrx_word' id='word_1_157' title='bbox 1441 1672 1570 1706; x_wconf 83' lang='lat' dir='ltr'>statim</span> 
     </span>
     <span class='ocr_line' id='line_1_24' title="bbox 240 1727 1571 1777; baseline 0.005 -17"><span class='ocrx_word' id='word_1_158' title='bbox 240 1728 418 1772; x_wconf 79' lang='lat' dir='ltr'>apopulo</span> <span class='ocrx_word' id='word_1_159' title='bbox 429 1734 583 1774; x_wconf 87' lang='lat' dir='ltr'>accepta</span> <span class='ocrx_word' id='word_1_160' title='bbox 595 1734 706 1770; x_wconf 87' lang='lat' dir='ltr'>esset,</span> <span class='ocrx_word' id='word_1_161' title='bbox 732 1727 879 1770; x_wconf 76' lang='lat' dir='ltr'>Callias,</span> <span class='ocrx_word' id='word_1_162' title='bbox 906 1728 971 1777; x_wconf 83' lang='lat' dir='ltr'>qui</span> <span class='ocrx_word' id='word_1_163' title='bbox 983 1729 1138 1762; x_wconf 84' lang='lat' dir='ltr'>Senatus</span> <span class='ocrx_word' id='word_1_164' title='bbox 1156 1730 1420 1765; x_wconf 85' lang='lat' dir='ltr'>auctoritatem</span> <span class='ocrx_word' id='word_1_165' title='bbox 1430 1733 1571 1777; x_wconf 85' lang='lat' dir='ltr'>populo</span> 
     </span>
     <span class='ocr_line' id='line_1_25' title="bbox 240 1785 1569 1833; baseline 0.006 -13"><span class='ocrx_word' id='word_1_166' title='bbox 240 1795 503 1833; x_wconf 82' lang='lat' dir='ltr'>proposuerat,</span> <span class='ocrx_word' id='word_1_167' title='bbox 528 1788 838 1824; x_wconf 83' lang='lat' dir='ltr'>conscribendam</span> <span class='ocrx_word' id='word_1_168' title='bbox 862 1800 883 1821; x_wconf 88' lang='lat' dir='ltr'>a</span> <span class='ocrx_word' id='word_1_169' title='bbox 907 1785 1030 1823; x_wconf 82' lang='lat' dir='ltr'>scriba</span> <span class='ocrx_word' id='word_1_170' title='bbox 1054 1795 1271 1831; x_wconf 84' lang='lat' dir='ltr'>curaverat,</span> <span class='ocrx_word' id='word_1_171' title='bbox 1297 1796 1337 1823; x_wconf 89' lang='lat' dir='ltr'>ut</span> <span class='ocrx_word' id='word_1_172' title='bbox 1362 1792 1401 1825; x_wconf 87' lang='lat' dir='ltr'>in</span> <span class='ocrx_word' id='word_1_173' title='bbox 1424 1793 1569 1828; x_wconf 75' lang='lat' dir='ltr'>tabulas</span> 
     </span>
     <span class='ocr_line' id='line_1_26' title="bbox 241 1848 1521 1895; baseline 0.002 -14"><span class='ocrx_word' id='word_1_174' title='bbox 241 1849 410 1894; x_wconf 85' lang='lat' dir='ltr'>publicas</span> <span class='ocrx_word' id='word_1_175' title='bbox 428 1850 649 1884; x_wconf 81' lang='lat' dir='ltr'>referretur.</span> <span class='ocrx_word' id='word_1_176' title='bbox 682 1850 815 1894; x_wconf 85' lang='lat' dir='ltr'>Itaque</span> <span class='ocrx_word' id='word_1_177' title='bbox 832 1848 1026 1883; x_wconf 87' lang='lat' dir='ltr'>offendere</span> <span class='ocrx_word' id='word_1_178' title='bbox 1045 1849 1179 1895; x_wconf 83' lang='lat' dir='ltr'>nequit</span> <span class='ocrx_word' id='word_1_179' title='bbox 1196 1849 1309 1884; x_wconf 82' lang='lat' dir='ltr'>illud:</span> <span class='ocrx_word' id='word_1_180' title='bbox 1336 1851 1395 1888; x_wconf 72' lang='grc' dir='ltr'>ὅτι</span> <span class='ocrx_word' id='word_1_181' title='bbox 1413 1850 1521 1890; x_wconf 71' lang='grc' dir='ltr'><em>δοκεῖ,</em></span> 
     </span>
    </p>

    <p class='ocr_par' dir='ltr' id='par_1_7' title="bbox 291 1909 1103 1956">
     <span class='ocr_line' id='line_1_27' title="bbox 291 1909 1103 1956; baseline 0.004 -13"><span class='ocrx_word' id='word_1_182' title='bbox 291 1911 348 1953; x_wconf 81' lang='lat'>18)</span> <span class='ocrx_word' id='word_1_183' title='bbox 374 1910 574 1945; x_wconf 88' lang='lat' dir='ltr'>Demosth.</span> <span class='ocrx_word' id='word_1_184' title='bbox 602 1909 648 1944; x_wconf 91' lang='lat' dir='ltr'>de</span> <span class='ocrx_word' id='word_1_185' title='bbox 674 1910 809 1943; x_wconf 88' lang='lat' dir='ltr'>Coron.</span> <span class='ocrx_word' id='word_1_186' title='bbox 845 1921 879 1953; x_wconf 87' lang='lat' dir='ltr'>p.</span> <span class='ocrx_word' id='word_1_187' title='bbox 920 1915 997 1954; x_wconf 83' lang='lat'><strong>238.</strong></span> <span class='ocrx_word' id='word_1_188' title='bbox 1026 1923 1103 1956; x_wconf 82' lang='lat'>249.</span> 
     </span>
    </p>

    <p class='ocr_par' dir='ltr' id='par_1_8' title="bbox 243 1970 1569 2320">
     <span class='ocr_line' id='line_1_28' title="bbox 291 1970 1568 2018; baseline 0.005 -14"><span class='ocrx_word' id='word_1_189' title='bbox 291 1972 350 2017; x_wconf 87' lang='lat'>19)</span> <span class='ocrx_word' id='word_1_190' title='bbox 374 1971 526 2006; x_wconf 84' lang='lat' dir='ltr'>Omissa</span> <span class='ocrx_word' id='word_1_191' title='bbox 549 1977 606 2006; x_wconf 86' lang='lat' dir='ltr'>est</span> <span class='ocrx_word' id='word_1_192' title='bbox 631 1971 726 2005; x_wconf 87' lang='lat' dir='ltr'>haec</span> <span class='ocrx_word' id='word_1_193' title='bbox 753 1970 958 2014; x_wconf 80' lang='lat' dir='ltr'>designatio</span> <span class='ocrx_word' id='word_1_194' title='bbox 991 1971 1031 2004; x_wconf 86' lang='lat' dir='ltr'>in</span> <span class='ocrx_word' id='word_1_195' title='bbox 1055 1971 1311 2016; x_wconf 87' lang='lat' dir='ltr'>Psephismate</span> <span class='ocrx_word' id='word_1_196' title='bbox 1343 1974 1442 2018; x_wconf 81' lang='lat' dir='ltr'>apud</span> <span class='ocrx_word' id='word_1_197' title='bbox 1466 1976 1568 2010; x_wconf 85' lang='lat' dir='ltr'>Iose-</span> 
     </span>
     <span class='ocr_line' id='line_1_29' title="bbox 243 2030 1566 2078; baseline 0.005 -14"><span class='ocrx_word' id='word_1_198' title='bbox 243 2031 371 2076; x_wconf 83' lang='lat' dir='ltr'>phum.</span> <span class='ocrx_word' id='word_1_199' title='bbox 407 2033 449 2066; x_wconf 91' lang='lat' dir='ltr'>A.</span> <span class='ocrx_word' id='word_1_200' title='bbox 486 2033 516 2067; x_wconf 89' lang='grc' dir='ltr'>Ι.</span> <span class='ocrx_word' id='word_1_201' title='bbox 555 2033 653 2066; x_wconf 87' lang='lat' dir='ltr'><strong>XIV.</strong></span> <span class='ocrx_word' id='word_1_202' title='bbox 691 2031 742 2065; x_wconf 90' lang='lat'>16.</span> <span class='ocrx_word' id='word_1_203' title='bbox 801 2030 873 2064; x_wconf 92' lang='lat' dir='ltr'>Sed</span> <span class='ocrx_word' id='word_1_204' title='bbox 908 2031 948 2064; x_wconf 86' lang='lat' dir='ltr'>in</span> <span class='ocrx_word' id='word_1_205' title='bbox 972 2032 1232 2076; x_wconf 79' lang='lat' dir='ltr'>Psepliismate</span> <span class='ocrx_word' id='word_1_206' title='bbox 1257 2033 1354 2078; x_wconf 81' lang='lat' dir='ltr'>apud</span> <span class='ocrx_word' id='word_1_207' title='bbox 1377 2035 1566 2072; x_wconf 82' lang='lat' dir='ltr'>Plutarch.</span> 
     </span>
     <span class='ocr_line' id='line_1_30' title="bbox 244 2089 1569 2140; baseline 0.003 -15"><span class='ocrx_word' id='word_1_208' title='bbox 244 2093 335 2126; x_wconf 88' lang='lat' dir='ltr'>Vitt.</span> <span class='ocrx_word' id='word_1_209' title='bbox 359 2093 402 2126; x_wconf 88' lang='lat' dir='ltr'>X.</span> <span class='ocrx_word' id='word_1_210' title='bbox 431 2092 555 2128; x_wconf 82' lang='lat' dir='ltr'>Oratt.</span> <span class='ocrx_word' id='word_1_211' title='bbox 581 2093 688 2127; x_wconf 86' lang='lat' dir='ltr'>Tom.</span> <span class='ocrx_word' id='word_1_212' title='bbox 716 2093 766 2127; x_wconf 85' lang='grc' dir='ltr'>ΙΙ.</span> <span class='ocrx_word' id='word_1_213' title='bbox 793 2102 828 2136; x_wconf 85' lang='lat' dir='ltr'>p.</span> <span class='ocrx_word' id='word_1_214' title='bbox 856 2096 935 2136; x_wconf 86' lang='lat'>852.</span> <span class='ocrx_word' id='word_1_215' title='bbox 982 2089 1071 2129; x_wconf 81' lang='grc' dir='ltr'>Ἐπὶ</span> <span class='ocrx_word' id='word_1_216' title='bbox 1094 2090 1380 2140; x_wconf 73' lang='grc' dir='ltr'>Ἀναξικράτους</span> <span class='ocrx_word' id='word_1_217' title='bbox 1402 2093 1569 2140; x_wconf 58' lang='lat' dir='ltr'>&#39;‘Aeger-</span> 
     </span>
     <span class='ocr_line' id='line_1_31' title="bbox 245 2150 1569 2199; baseline -0.002 -10"><span class='ocrx_word' id='word_1_218' title='bbox 245 2164 305 2190; x_wconf 69' lang='lat' dir='ltr'>voc</span> <span class='ocrx_word' id='word_1_219' title='bbox 329 2153 390 2188; x_wconf 75' lang='grc' dir='ltr'>ἐπὶ</span> <span class='ocrx_word' id='word_1_220' title='bbox 415 2152 477 2197; x_wconf 74' lang='grc' dir='ltr'>τῆς</span> <span class='ocrx_word' id='word_1_221' title='bbox 520 2150 749 2196; x_wconf 75' lang='grc' dir='ltr'><strong><em>Ἀντιοχίδος</em></strong></span> <span class='ocrx_word' id='word_1_222' title='bbox 780 2152 820 2188; x_wconf 74' lang='grc' dir='ltr'>ἓν</span> <span class='ocrx_word' id='word_1_223' title='bbox 851 2151 898 2199; x_wconf 81' lang='grc' dir='ltr'>τῇ</span> <span class='ocrx_word' id='word_1_224' title='bbox 930 2156 1131 2199; x_wconf 79' lang='grc' dir='ltr'><strong><em>πρυτανείᾳ</em></strong></span> <span class='ocrx_word' id='word_1_225' title='bbox 1163 2175 1209 2180; x_wconf 94' lang='grc'><strong>-</strong></span> <span class='ocrx_word' id='word_1_226' title='bbox 1239 2154 1480 2189; x_wconf 83' lang='lat' dir='ltr'>scribendum</span> <span class='ocrx_word' id='word_1_227' title='bbox 1512 2160 1569 2190; x_wconf 83' lang='lat' dir='ltr'>est</span> 
     </span>
     <span class='ocr_line' id='line_1_32' title="bbox 244 2208 1569 2260; baseline 0.002 -14"><span class='ocrx_word' id='word_1_228' title='bbox 244 2213 326 2247; x_wconf 75' lang='lat' dir='ltr'>sine</span> <span class='ocrx_word' id='word_1_229' title='bbox 352 2213 464 2247; x_wconf 87' lang='lat' dir='ltr'>dubio</span> <span class='ocrx_word' id='word_1_230' title='bbox 498 2220 562 2247; x_wconf 78' lang='lat' dir='ltr'>aut</span> <span class='ocrx_word' id='word_1_231' title='bbox 581 2213 684 2259; x_wconf 74' lang='grc' dir='ltr'><strong><em>ἕκτης</em></strong></span> <span class='ocrx_word' id='word_1_232' title='bbox 716 2219 779 2247; x_wconf 83' lang='lat' dir='ltr'>aut</span> <span class='ocrx_word' id='word_1_233' title='bbox 803 2208 929 2258; x_wconf 73' lang='grc' dir='ltr'>ἐνάτης</span> <span class='ocrx_word' id='word_1_234' title='bbox 953 2216 1192 2260; x_wconf 75' lang='grc' dir='ltr'><strong><em>Πρυτανειάς.</em></strong></span> <span class='ocrx_word' id='word_1_235' title='bbox 1239 2215 1476 2250; x_wconf 81' lang='lat' dir='ltr'>Anaxicrates</span> <span class='ocrx_word' id='word_1_236' title='bbox 1501 2216 1569 2249; x_wconf 86' lang='lat' dir='ltr'>Ar-</span> 
     </span>
     <span class='ocr_line' id='line_1_33' title="bbox 248 2273 795 2320; baseline 0.002 -13"><span class='ocrx_word' id='word_1_237' title='bbox 248 2273 344 2307; x_wconf 88' lang='lat' dir='ltr'>chon</span> <span class='ocrx_word' id='word_1_238' title='bbox 371 2279 453 2308; x_wconf 86' lang='lat' dir='ltr'>erat</span> <span class='ocrx_word' id='word_1_239' title='bbox 479 2275 630 2320; x_wconf 88' lang='lat' dir='ltr'>Olymp.</span> <span class='ocrx_word' id='word_1_240' title='bbox 662 2279 737 2314; x_wconf 86' lang='lat'>118.</span> <span class='ocrx_word' id='word_1_241' title='bbox 764 2286 795 2310; x_wconf 85' lang='lat'>2.</span> 
     </span>
    </p>

    <p class='ocr_par' dir='ltr' id='par_1_9' title="bbox 245 2333 1571 2746">
     <span class='ocr_line' id='line_1_34' title="bbox 292 2333 1567 2382; baseline 0.002 -14"><span class='ocrx_word' id='word_1_242' title='bbox 292 2336 350 2376; x_wconf 84' lang='lat'>20)</span> <span class='ocrx_word' id='word_1_243' title='bbox 378 2335 459 2369; x_wconf 85' lang='lat' dir='ltr'>Vid.</span> <span class='ocrx_word' id='word_1_244' title='bbox 495 2335 711 2381; x_wconf 88' lang='lat' dir='ltr'>Psephisma</span> <span class='ocrx_word' id='word_1_245' title='bbox 743 2333 790 2368; x_wconf 87' lang='lat' dir='ltr'>de</span> <span class='ocrx_word' id='word_1_246' title='bbox 819 2334 1055 2378; x_wconf 87' lang='lat' dir='ltr'>Philetaero,</span> <span class='ocrx_word' id='word_1_247' title='bbox 1088 2335 1266 2370; x_wconf 80' lang='lat' dir='ltr'>Eumenis</span> <span class='ocrx_word' id='word_1_248' title='bbox 1299 2337 1400 2382; x_wconf 84' lang='lat' dir='ltr'>regis</span> <span class='ocrx_word' id='word_1_249' title='bbox 1434 2336 1567 2379; x_wconf 84' lang='lat' dir='ltr'>fratre,</span> 
     </span>
     <span class='ocr_line' id='line_1_35' title="bbox 246 2394 1569 2442; baseline 0.002 -14"><span class='ocrx_word' id='word_1_250' title='bbox 246 2407 357 2440; x_wconf 87' lang='lat' dir='ltr'>supra</span> <span class='ocrx_word' id='word_1_251' title='bbox 381 2408 412 2430; x_wconf 91' lang='lat' dir='ltr'>c.</span> <span class='ocrx_word' id='word_1_252' title='bbox 440 2409 472 2431; x_wconf 91' lang='lat'>2.</span> <span class='ocrx_word' id='word_1_253' title='bbox 507 2408 528 2430; x_wconf 88' lang='lat' dir='ltr'>a</span> <span class='ocrx_word' id='word_1_254' title='bbox 559 2397 667 2430; x_wconf 86' lang='lat' dir='ltr'>nobis</span> <span class='ocrx_word' id='word_1_255' title='bbox 692 2395 930 2440; x_wconf 78' lang='lat' dir='ltr'>adscriptum.</span> <span class='ocrx_word' id='word_1_256' title='bbox 980 2396 1116 2431; x_wconf 83' lang='lat' dir='ltr'>Tribus</span> <span class='ocrx_word' id='word_1_257' title='bbox 1139 2394 1411 2442; x_wconf 75' lang='grc' dir='ltr'><strong><em>πρυτανεύουσα</em></strong></span> <span class='ocrx_word' id='word_1_258' title='bbox 1434 2397 1473 2430; x_wconf 87' lang='lat' dir='ltr'>in</span> <span class='ocrx_word' id='word_1_259' title='bbox 1495 2396 1569 2431; x_wconf 86' lang='lat' dir='ltr'>hoc</span> 
     </span>
     <span class='ocr_line' id='line_1_36' title="bbox 245 2456 1568 2502; baseline 0 -11"><span class='ocrx_word' id='word_1_260' title='bbox 245 2457 504 2502; x_wconf 84' lang='lat' dir='ltr'>Psephismate</span> <span class='ocrx_word' id='word_1_261' title='bbox 529 2464 585 2491; x_wconf 83' lang='lat' dir='ltr'>est</span> <span class='ocrx_word' id='word_1_262' title='bbox 606 2457 774 2499; x_wconf 87' lang='lat' dir='ltr'>Leontis,</span> <span class='ocrx_word' id='word_1_263' title='bbox 800 2457 921 2490; x_wconf 86' lang='lat' dir='ltr'>scriba</span> <span class='ocrx_word' id='word_1_264' title='bbox 940 2463 1065 2491; x_wconf 83' lang='lat' dir='ltr'>autem</span> <span class='ocrx_word' id='word_1_265' title='bbox 1079 2457 1335 2499; x_wconf 71' lang='lat' dir='ltr'>Persthoedes,</span> <span class='ocrx_word' id='word_1_266' title='bbox 1361 2457 1481 2491; x_wconf 87' lang='lat' dir='ltr'>tribus</span> <span class='ocrx_word' id='word_1_267' title='bbox 1493 2456 1568 2491; x_wconf 87' lang='lat' dir='ltr'>Oe-</span> 
     </span>
     <span class='ocr_line' id='line_1_37' title="bbox 246 2516 1568 2563; baseline -0.002 -11"><span class='ocrx_word' id='word_1_268' title='bbox 246 2517 380 2552; x_wconf 88' lang='lat' dir='ltr'>neidis.</span> <span class='ocrx_word' id='word_1_269' title='bbox 432 2518 544 2563; x_wconf 85' lang='lat' dir='ltr'>Quod</span> <span class='ocrx_word' id='word_1_270' title='bbox 568 2519 641 2552; x_wconf 87' lang='lat' dir='ltr'>nisi</span> <span class='ocrx_word' id='word_1_271' title='bbox 668 2524 830 2559; x_wconf 82' lang='lat' dir='ltr'>statuas,</span> <span class='ocrx_word' id='word_1_272' title='bbox 855 2524 939 2562; x_wconf 86' lang='lat' dir='ltr'>post</span> <span class='ocrx_word' id='word_1_273' title='bbox 966 2517 1117 2563; x_wconf 80' lang='lat' dir='ltr'>Olymp.</span> <span class='ocrx_word' id='word_1_274' title='bbox 1147 2522 1221 2556; x_wconf 88' lang='lat'>118.</span> <span class='ocrx_word' id='word_1_275' title='bbox 1252 2531 1282 2552; x_wconf 93' lang='lat'>2.</span> <span class='ocrx_word' id='word_1_276' title='bbox 1308 2528 1407 2559; x_wconf 89' lang='lat' dir='ltr'>cum,</span> <span class='ocrx_word' id='word_1_277' title='bbox 1432 2516 1568 2551; x_wconf 84' lang='lat' dir='ltr'>additis</span> 
     </span>
     <span class='ocr_line' id='line_1_38' title="bbox 249 2578 1569 2623; baseline -0.002 -10"><span class='ocrx_word' id='word_1_278' title='bbox 249 2579 390 2613; x_wconf 77' lang='lat' dir='ltr'>duabus</span> <span class='ocrx_word' id='word_1_279' title='bbox 415 2579 521 2612; x_wconf 84' lang='lat' dir='ltr'>novis</span> <span class='ocrx_word' id='word_1_280' title='bbox 546 2579 738 2622; x_wconf 84' lang='lat' dir='ltr'>tribubus,</span> <span class='ocrx_word' id='word_1_281' title='bbox 765 2578 991 2623; x_wconf 88' lang='lat' dir='ltr'>Antigonide</span> <span class='ocrx_word' id='word_1_282' title='bbox 1015 2586 1054 2613; x_wconf 90' lang='lat' dir='ltr'>et</span> <span class='ocrx_word' id='word_1_283' title='bbox 1072 2578 1329 2621; x_wconf 86' lang='lat' dir='ltr'>Demetriade,</span> <span class='ocrx_word' id='word_1_284' title='bbox 1355 2583 1569 2622; x_wconf 83' lang='lat' dir='ltr'>permutata</span> 
     </span>
     <span class='ocr_line' id='line_1_39' title="bbox 248 2638 1569 2684; baseline -0.001 -11"><span class='ocrx_word' id='word_1_285' title='bbox 248 2641 296 2673; x_wconf 74' lang='lat' dir='ltr'>sit</span> <span class='ocrx_word' id='word_1_286' title='bbox 320 2641 528 2675; x_wconf 86' lang='lat' dir='ltr'>Demornm</span> <span class='ocrx_word' id='word_1_287' title='bbox 553 2639 786 2684; x_wconf 78' lang='lat' dir='ltr'>distributio,</span> <span class='ocrx_word' id='word_1_288' title='bbox 813 2641 1058 2675; x_wconf 86' lang='lat' dir='ltr'>Perithoedes</span> <span class='ocrx_word' id='word_1_289' title='bbox 1083 2641 1122 2673; x_wconf 91' lang='lat' dir='ltr'>in</span> <span class='ocrx_word' id='word_1_290' title='bbox 1146 2640 1329 2673; x_wconf 78' lang='lat' dir='ltr'>alterutra</span> <span class='ocrx_word' id='word_1_291' title='bbox 1353 2651 1398 2674; x_wconf 86' lang='lat' dir='ltr'>ex</span> <span class='ocrx_word' id='word_1_292' title='bbox 1419 2638 1476 2672; x_wconf 81' lang='lat' dir='ltr'>his</span> <span class='ocrx_word' id='word_1_293' title='bbox 1500 2649 1569 2672; x_wconf 83' lang='lat' dir='ltr'>no·</span> 
     </span>
     <span class='ocr_line' id='line_1_40' title="bbox 246 2698 1571 2746; baseline -0.002 -12"><span class='ocrx_word' id='word_1_294' title='bbox 246 2701 299 2735; x_wconf 70' lang='lat' dir='ltr'>vis</span> <span class='ocrx_word' id='word_1_295' title='bbox 323 2712 501 2737; x_wconf 81' lang='lat' dir='ltr'>accensos</span> <span class='ocrx_word' id='word_1_296' title='bbox 527 2712 631 2745; x_wconf 87' lang='lat' dir='ltr'>esse,</span> <span class='ocrx_word' id='word_1_297' title='bbox 658 2701 891 2737; x_wconf 75' lang='lat' dir='ltr'>contrarium</span> <span class='ocrx_word' id='word_1_298' title='bbox 917 2707 971 2737; x_wconf 89' lang='lat' dir='ltr'>est</span> <span class='ocrx_word' id='word_1_299' title='bbox 994 2701 1068 2736; x_wconf 86' lang='lat' dir='ltr'>hoc</span> <span class='ocrx_word' id='word_1_300' title='bbox 1092 2699 1311 2746; x_wconf 81' lang='lat' dir='ltr'>Psephisma</span> <span class='ocrx_word' id='word_1_301' title='bbox 1335 2710 1466 2735; x_wconf 84' lang='lat' dir='ltr'>eorum</span> <span class='ocrx_word' id='word_1_302' title='bbox 1492 2698 1571 2744; x_wconf 86' lang='lat' dir='ltr'>opi-</span> 
     </span>
    </p>
   </div>
   <div class='ocr_carea' id='block_1_5' title="bbox 1650 0 1706 126">
    <p class='ocr_par' dir='ltr' id='par_1_10' title="bbox 1650 0 1706 126">
     <span class='ocr_line' id='line_1_41' title="bbox 1650 0 1706 126; textangle 90"><span class='ocrx_word' id='word_1_303' title='bbox 1650 0 1706 126; x_wconf 50' lang='lat' dir='ltr'>³425*AE</span> 
     </span>
    </p>
   </div>
   <div class='ocr_carea' id='block_1_6' title="bbox 1671 203 1706 1404">
    <p class='ocr_par' dir='ltr' id='par_1_11' title="bbox 1671 132 1706 1404">
     <span class='ocr_line' id='line_1_42' title="bbox 1671 203 1706 1404; textangle 90"><span class='ocrx_word' id='word_1_304' title='bbox 1687 1386 1706 1404; x_wconf 50' lang='lat'>.·2</span> <span class='ocrx_word' id='word_1_305' title='bbox 1683 1135 1706 1362; x_wconf 48' lang='lat'>:&#39;;⁷··=.&#39;2.1›‘.:;2-,</span> <span class='ocrx_word' id='word_1_306' title='bbox 1671 203 1706 1102; x_wconf 39' lang='lat' dir='ltr'>‚arma—„mafflae-„sss-*ssasma-„rkaszaffl</span> 
     </span>
    </p>
   </div>
   <div class='ocr_carea' id='block_1_7' title="bbox 1684 1455 1702 1539">
    <p class='ocr_par' dir='ltr' id='par_1_12' title="bbox 1684 1455 1706 1539">
     <span class='ocr_line' id='line_1_43' title="bbox 1684 1455 1702 1539; textangle 90"><span class='ocrx_word' id='word_1_307' title='bbox 1685 1531 1688 1539; x_wconf 91' lang='lat'>-</span> <span class='ocrx_word' id='word_1_308' title='bbox 1684 1455 1706 1522; x_wconf 46' lang='lat'>4⁴.</span> 
     </span>
    </p>
   </div>
   <div class='ocr_carea' id='block_1_8' title="bbox 1663 1750 1706 2820">
    <p class='ocr_par' dir='ltr' id='par_1_13' title="bbox 1663 1750 1706 2820">
     <span class='ocr_line' id='line_1_44' title="bbox 1663 1750 1706 2820; baseline 0 0"><span class='ocrx_word' id='word_1_309' title='bbox 1663 1750 1706 2820; x_wconf 95' lang='lat' dir='ltr'> </span> 
     </span>
    </p>
   </div>
  </div>
 </body>
</html>
