1706 3058
269 134 345 177 142

264 241 448 299 quidem
483 239 656 296 probari
695 254 788 281 non
829 255 957 295 posse
1000 243 1190 285 videtur.
1256 244 1370 284 Illud
1409 254 1629 303 certum3

263 325 356 359 est,
400 327 491 353 nou
532 311 662 352 aliam
701 321 883 366 propter
925 328 1102 357 causam
1141 314 1375 356 Archontis
1414 329 1582 356 nomen

262 383 425 428 tabulis
457 381 646 437 publicis
677 380 862 424 inscribi
892 383 1076 426 solitum
1108 400 1222 433 esse,
1261 384 1350 425 nisi
1378 387 1434 426 ad
1472 384 1583 426 desi·

264 457 491 512 gnandum
520 468 716 506 annum,
757 467 848 509 quo
879 469 1076 511 quaeque
1114 472 1180 498 res
1212 466 1305 497 acta
1335 467 1470 505 essen
1501 470 1584 497 ne-

262 541 347 582 que
381 524 501 565 illius
531 524 767 566 Archontis
797 540 961 568 nomen
992 527 1264 582 adscriptum
1295 543 1409 582 esse,
1439 526 1516 583 qui
1540 525 1582 567 ei

261 597 323 641 rei
356 596 546 652 agendae
578 594 873 644 interfuisset,
916 608 992 639 aut
1022 599 1308 653 praefuisset,
1348 600 1427 641 sed
1456 601 1583 652 Epo-

260 666 406 721 nyrni,
440 665 517 721 qui
549 680 600 707 eo
635 677 832 721 tempore
858 669 1222 711 novemvirorum
1243 671 1446 726 princeps
1477 678 1582 716 erat,

261 737 339 794 qui
381 747 561 792 propter
602 736 650 777 id
680 737 824 792 ipsum
857 738 919 778 ita
960 742 1286 794 appellabatur,
1327 743 1449 796 quod
1489 743 1584 792 ejus

258 808 444 851 nomine
474 823 616 849 annus
648 809 982 865 designabatur,
1013 824 1107 852 non
1138 809 1184 851 in
1214 810 1407 866 publicis
1437 811 1584 852 solum

258 879 455 935 scriptis,
485 881 560 920 sed
591 881 727 935 vulgo
760 877 808 919 in
840 879 1064 929 omnibus,
1097 881 1145 922 in
1175 880 1339 938 quibus
1369 879 1583 936 temporis

260 953 475 1009 quaedam
506 948 754 1006 designatio
787 964 899 1005 opus
931 963 1035 994 erat.
1095 954 1179 995 Sed
1209 967 1312 994 cum
1338 953 1584 1007 permultae

258 1024 433 1066 tabulae
473 1020 705 1077 publicae,
746 1035 836 1062 uno
869 1024 1116 1079 eodemque
1144 1038 1261 1064 anno
1294 1022 1581 1078 conscriptae,

259 1111 350 1138 non
384 1093 514 1136 unius
546 1092 748 1145 alicujus,
780 1093 855 1133 sed
888 1093 1166 1135 diversorum
1196 1096 1473 1136 Archontum
1504 1107 1583 1136 no-

257 1168 380 1210 mina
407 1163 670 1221 praescripta
709 1165 919 1215 habeant,
958 1167 1012 1206 de
1052 1165 1123 1206 his
1164 1164 1290 1206 aliter
1327 1179 1420 1206 non
1451 1179 1583 1220 posse

257 1237 392 1281 statui
435 1235 639 1282 videtur,
685 1234 776 1275 nisi
817 1234 903 1276 ita:
950 1235 1200 1290 interrupto
1241 1251 1581 1293 nonnunquam,

256 1322 518 1368 quacunque
559 1309 612 1348 de
660 1321 813 1358 causa,
863 1308 1097 1349 Archontis
1146 1308 1371 1362 Eponymi
1411 1307 1580 1357 officio,

255 1393 386 1437 atque
416 1394 465 1420 ea
495 1389 720 1433 potestate,
753 1391 885 1432 quam
917 1393 995 1432 per
1025 1393 1226 1419 annuum
1258 1389 1433 1433 tempus
1464 1393 1581 1420 unus

254 1454 417 1494 habere
450 1452 658 1496 debebat,
702 1450 816 1489 inter
846 1450 991 1503 plures
1023 1448 1284 1499 distributa,
1315 1449 1409 1490 sive
1440 1464 1464 1492 e
1492 1464 1584 1490 no-

256 1522 564 1565 vemvirorum
590 1517 780 1574 collegio
805 1518 871 1559 illi
895 1518 1073 1567 fuerint,
1108 1518 1204 1559 sive
1227 1521 1463 1573 Eponymo
1484 1522 1583 1561 sub-

254 1592 401 1636 stituti
440 1592 692 1646 ἐπιλαχόντες
720 1601 796 1630 aut
835 1590 970 1632 etiam
1007 1589 1258 1642 subrogati,
1302 1592 1435 1633 etiam
1476 1591 1581 1632 anni

253 1675 399 1720 partes
442 1677 534 1704 non
579 1661 725 1709 illius,
779 1661 857 1716 qui
900 1660 1037 1702 initio
1069 1661 1174 1702 anni
1205 1652 1462 1716 Ep'onymus
1492 1664 1583 1707 fue·

252 1746 340 1784 rat,
403 1737 532 1785 cujus
587 1747 754 1774 nomen
809 1732 924 1773 Fasti
976 1731 1173 1774 indicare
1228 1735 1375 1774 solent
1422 1737 1582 1791 solum,

252 1808 328 1849 sed
358 1820 528 1852 eorum,
563 1803 640 1860 qui
671 1814 824 1860 postea
853 1802 900 1843 in
932 1803 1052 1845 illius
1082 1806 1231 1845 locum
1262 1819 1578 1856 successerant,

254 1876 517 1921 nominibus
551 1874 798 1930 designatas
841 1888 957 1920 esse,
998 1887 1132 1929 prout
1171 1874 1360 1931 quisque
1401 1891 1583 1933 quoque

255 1931 456 2004 tempore
499 1963 595 1989 eam
637 1955 903 2002 potestatem
943 1947 1168 1987 habuerat.
1239 1949 1365 1987 Hanc
1397 1949 1582 1990 eandem

258 2022 349 2063 fere
380 2018 646 2060 sententiam
676 2014 904 2060 Cominius
928 2031 1108 2073 quoque
1127 2016 1324 2072 primurn
1354 2019 1581 2074 amplexus

259 2102 371 2141 erat,
404 2098 505 2145 post
535 2097 684 2128 autem
704 2086 968 2142 repudiavit,
1002 2098 1046 2129 et
1076 2088 1196 2129 illam
1216 2090 1412 2138 alteram,
1445 2104 1581 2146 quam

257 2177 388 2217 supra
422 2158 618 2214 exposui,
649 2167 693 2199 et
718 2156 834 2199 mihi
865 2173 956 2199 non
987 2158 1448 2216 probarijsignificavi,
1480 2174 1579 2216 pro-

255 2231 519 2276 babiliorem
542 2228 731 2284 putavit.
773 2230 859 2271 Sed
880 2229 1135 2272 confirmari
1157 2229 1438 2286 aliquatenus
1460 2242 1579 2272 certe

255 2309 366 2348 haec
404 2315 531 2358 posse
569 2299 748 2342 videtur
786 2299 843 2341 iis
882 2301 1176 2356 argumentis,
1221 2300 1385 2356 quibus
1423 2301 1581 2343 Corsi-

257 2375 426 2428 nius⁴¹)
458 2374 513 2414 ad
542 2373 658 2412 hanc
689 2369 832 2425 ipsam
861 2372 1129 2426 probandam
1160 2385 1265 2411 usus
1296 2381 1401 2412 erat.
1463 2374 1579 2414 Nam

255 2445 373 2487 nihil
405 2441 606 2489 facilius,
653 2441 899 2497 depravatis
939 2440 1196 2498 praesertim
1236 2441 1578 2483 Atheniensium

258 2515 486 2563 moribus,
529 2512 663 2555 fuisse
692 2512 907 2565 ‚videtum
947 2528 1079 2570 quam
1109 2523 1159 2555 ut
1186 2515 1460 2557 Archontum
1491 2512 1578 2555 ali-

302 2673 361 2716 4¹)
387 2672 483 2706 Fast.
510 2671 582 2705 Att.
610 2669 770 2706 Dissert.
806 2670 887 2705 VII.
926 2681 984 2705 no.
1016 2681 1066 2714 ¹3·
