1706 3058
1364 148 1419 194 81

172 258 258 301 Sed
288 269 310 298 e
341 252 679 312 peregrinorum
713 267 901 296 numero
923 253 1177 311 excipiendi
1204 256 1416 302 videntur
1457 312 1463 315 ¹

86 314 145 378 ii,
189 327 268 385 qui
308 331 498 376 ἰσοτελεῖς
528 324 767 374 dicuntur,
809 323 839 364 i.
883 341 919 367 e.
951 325 1192 383 inquilini,
1224 331 1415 387 μέτοικοι,

86 391 189 456 qui,
230 397 385 455 populi
424 395 670 444 beneficio,
712 394 808 451 pari
849 396 940 437 fere
979 413 1085 439 cum
1116 398 1291 443 civibus
1319 408 1419 457 jure

86 473 364 514 fruebantur.
434 471 550 510 Nam
580 481 672 507 non
704 470 893 526 μετοικίῳ
923 470 1092 518 solum,
1126 469 1225 513 cive
1260 489 1414 521 annuo

84 541 417 600 inquilinorum
458 539 627 580 tributo
661 538 817 586 soluti,
860 538 982 586 idem
1013 551 1144 596 atque
1175 543 1296 588 cives
1329 549 1416 591 tri-

83 617 248 656 butum
288 612 564 668 pendebant,
617 613 739 652 unde
789 626 958 653 nomen
998 625 1177 668 quoque
1225 621 1419 674 ἰσοτελεῑς

83 694 326 732 traxerunt,
359 684 436 724 sed
467 684 625 724 eodem
657 698 760 724 cum
785 682 963 724 civibus
996 684 1288 740 adscriptitiis
1317 696 1418 744 jure

81 771 135 800 ac
168 753 430 798 conditione
462 765 599 796 erant.
660 753 820 796 Suidas
853 765 969 795 certe
998 757 1190 807 ἰσοτελεῖς
1217 774 1291 802 eos
1323 778 1418 808 esse

71 828 216 883 ,dicit‚
249 825 328 883 qui
358 824 547 867 honoris
579 826 650 866 vel
681 824 869 880 praemii
902 839 1051 874 causa,
1083 840 1268 884 propter
1297 832 1419 880 insi,

83 898 189 957 gnia
223 897 272 960 in
304 895 628 953 rempublicam
660 894 830 945 merita,
865 899 1074 953 apopulo
1094 912 1147 938 ex
1178 900 1415 957 inquilinis

84 968 134 1012 in
159 966 542 1023 adscriptitiorum
574 965 746 1007 civium
766 978 930 1009 statum
952 968 1198 1010 transducti
1230 972 1321 1015 sint
1338 979 1418 1031 ³⁴)‚

82 1044 149 1084 Ita
189 1036 456 1083 Ammonius
488 1052 688 1094 quoque:
733 1041 934 1092 ἰσοτέλης,
980 1037 1152 1095 inquit,
1194 1041 1329 1088 πάντα
1365 1050 1416 1095 τὰ

82 1110 219 1156 αυτοὶ..
206 1114 328 1194 ἔχων(1
325 1116 410 1159 τοῖς
426 1112 620 1162 πολίταις,
644 1108 753 1164 πλήν
769 1116 844 1152 τοῦ
855 1109 1003 1165 «ἴσχειν,
1027 1120 1070 1150 et
1093 1109 1303 1158 Timaeus
1320 1121 1334 1147 3
1349 1120 1416 1180 5),

81 1183 274 1237 ἰσοτέλης,
307 1200 328 1225 ο
348 1183 469 1237 χωρὶς
490 1184 631 1248 ζημίας
662 1182 902 1235 ἔπιδημων’
894 1182 960 1223 ι’σα
989 1187 1073 1231 τοῖς
1090 1186 1284 1243 πολίταις,
1317 1191 1346 1235 1'
1374 1211 1412 1238 e

83 1254 161 1311 qui
193 1266 333 1309 aequo
367 1267 472 1293 cum
503 1251 680 1294 civibus
710 1257 806 1305 jule
837 1250 886 1292 in
917 1249 1100 1294 civitate
1131 1254 1262 1305 vivit
1323 1268 1416 1309 Ita-

83 1342 169 1384 que
225 1325 344 1366 haud
392 1323 618 1364 immerito
670 1323 864 1376 conjecit
925 1325 970 1365 F.
1020 1327 1068 1366 A.
1119 1328 1413 1394 Wolfiusw)

80 1395 347 1453 suffragium
393 1409 573 1451 quoque
615 1394 672 1436 iis
711 1393 990 1450 impertitum
1023 1410 1117 1437 esse
1149 1410 1192 1441 et
1223 1408 1414 1453 omnino

83 1470 140 1510 ad
170 1465 500 1523 rempublicam
531 1468 740 1508 accedere
772 1464 966 1511 licuisse.
1025 1468 1180 1519 Certe,
1213 1486 1264 1516 ut
1293 1478 1415 1525 idem

82 1541 308 1593 observat,
342 1537 561 1590 διαιτηται,
594 1535 776 1584 arbitri,
819 1538 872 1577 ab
904 1536 1014 1592 ipsis
1045 1538 1219 1583 civibus
1253 1561 1305 1588 ex
1334 1566 1416 1593 ρο,

83 1625 184 1652 rum
215 1623 404 1649 numero
437 1609 727 1650 sumebantur
757 1620 1085 1663 nonnunquam
1105 1614 1191 1663 ³⁷)
1249 1619 1306 1660 Et
1329 1625 1412 1677 Ly

85 1679 199 1723 siam
231 1689 466 1727 oratorem,
500 1692 632 1734 quem
665 1682 827 1731 ἰσοτελῆ
855 1676 992 1718 fuisse
1023 1681 1314 1732 notissimum
1334 1704 1414 1744 est,

86 1751 244 1795 Cicero
284 1748 441 1791 scribit
479 1747 605 1790 omni
646 1747 820 1790 cixium
851 1763 1037 1791 munere
1079 1753 1265 1800 Athenis
1305 1762 1414 1805 fun-

88 1835 217 1866 ctum
249 1820 442 1879 esse33).
503 1820 638 1876 Quod
667 1831 831 1869 autem,
862 1831 912 1863 ut
925 1822 1188 1866 Ammonius
1218 1828 1294 1879 ait,
1325 1848 1416 1877 ma.

83 1894 291 1953 gistratus
323 1908 475 1950 capere
506 1907 598 1933 non
619 1902 878 1947 potuerunt,
911 1890 961 1932 id
982 1907 1220 1939 commune
1251 1902 1413 1948 habue.

84 1978 193 2009 runt
223 1982 326 2008 cum
358 1963 532 2007 civibus
564 1962 853 2019 adscripti'tiis
871 1964 953 2016 39),
981 1978 1004 2004 a
1025 1965 1184 2021 quibus
1213 1971 1297 2014 hoc
1319 1989 1412 2020 uno

130 2103 151 2136 3
176 2093 190 2135 )
213 2091 314 2126 Suid
344 2103 372 2125 s.
404 2103 438 2123 v.
468 2088 515 2124 Οἱ
546 2085 621 2123 ἀπὸ
646 2100 710 2124 του
734 2089 919 2132 μετοικεῖν
943 2089 1040 2126 natet*
1063 2104 1149 2127 τινα
1172 2094 1285 2141 τιμῆν
1308 2101 1414 2147 παραὶ

87 2168 151 2190 του
177 2150 294 2197 δήιιου
327 2154 479 2198 γενομια
482 2163 524 2192 ην
553 2160 648 2183 κατα
682 2160 856 2193 ψηφισμα
887 2154 1172 2196 μεταβαίνοντες
1195 2167 1246 2192 εις
1268 2158 1314 2194 ‘co‘
1336 2160 1412 2196 τῶν

85 2204 348 2258 δήμοποιήτων
361 2209 515 2252 δίκαιον,
534 2206 704 2244 hovestete
720 2204 968 2252 ω’νομοίζοντο.
996 2209 1132 2257 ἐγίνετο
1153 2211 1192 2248 δὲ
1204 2216 1273 2250 ποῦ’
1262 2231 1315 2253 το
1333 2222 1412 2256 τοῖς

86 2275 270 2320 μετοίκοις
292 2271 367 2308 tino*
391 2270 453 2313 τῆς
477 2267 628 2310 πόλεως,
655 2264 717 2303 ὅτε
740 2264 936 2306 ἐδόκουνεῦ
959 2276 1201 2317 πεποιηκέναι
1221 2275 1266 2312 τό
1273 2276 1409 2317 κοινόν.

133 2333 194 2378 35)
220 2334 310 2368 Lex.
338 2327 482 2365 Platon.
510 2341 546 2373 p.
576 2340 650 2372 151.

132 2402 192 2446 36)
218 2401 392 2444 Prolegg.
418 2398 467 2432 ad
489 2399 601 2431 Dem.
622 2397 770 2442 Leptin.
796 2409 831 2443 p.
858 2400 970 2434 LXX.

135 2469 194 2515 57)
221 2467 419 2503 Demosth.
445 2466 484 2499 in
508 2465 658 2500 Phorm.
684 2477 719 2511 p.
746 2478 825 2512 9²2·
852 2474 943 2503 extr.

135 2537 194 2582 58)
222 2536 300 2570 Cic.
335 2537 440 2570 Brut.
478 2547 557 2580 cap.
588 2535 640 2569 16,

88 2619 93 2627 ·
136 2610 192 2651 59)
218 2605 267 2639 Hi
293 2592 394 2639 enim
417 2614 542 2651 neque
566 2603 773 2638 Archontes
797 2616 924 2654 neque
948 2607 1161 2644 sacerdotes
1187 2611 1270 2648 fier-'i
1302 2621 1407 2660 pote-

88 2672 187 2703 raut.
213 2665 410 2702 Demosth.
435 2665 475 2702 in
495 2666 629 2701 Neaer.
665 2667 704 2711 pi
732 2665 828 2712 2376.

1073 2731 1108 2772 F
