1706 3058
1416 64 1432 79 Ι.

1352 64 1433 106 25.)

117 184 244 217 men,
275 178 328 210 ut
354 168 477 210 illam
505 177 631 208 antea
662 169 845 211 Senatui
876 169 1232 224 cognoscendam
1261 178 1304 209 et
1335 183 1440 210 exa-

116 240 376 284 minandam
406 249 686 295 proponeret,
719 238 799 295 qui
830 255 925 281 eam
953 249 1030 280 aut
1058 239 1337 296 permitteret
1362 256 1439 282 sua

117 312 379 354 auctoritate
409 311 464 352 ad
499 311 720 366 populum
759 310 888 362 ferri,
927 322 1003 352 aut
1040 310 1286 369 vetaret¹⁴).
1354 315 1440 353 La-

115 395 206 424 tam
239 385 292 423 ad
322 381 536 438 populum
568 381 738 437 legem,
783 381 858 437 qui
888 396 981 423 non
1013 380 1220 424 idoneam
1249 394 1439 439 putaret,

116 452 368 495 dissuadere
385 463 578 509 poterat;
612 452 774 494 auditis
793 467 1028 494 suasorum
1050 451 1442 511 dissuasorumque

107 522 416 571 orationibus,
458 523 646 579 populus
677 520 726 563 in
758 522 1018 579 suffragium
1048 522 1154 564 ibat.
1222 528 1327 566 Erat
1368 540 1440 566 au·

113 606 204 637 tem
244 593 281 634 is
321 593 384 635 rei
414 596 611 650 agendae
641 595 750 636 ordo
782 594 1048 651 descriptus,
1083 605 1133 636 ut
1161 594 1307 649 primo
1338 597 1439 638 loco

113 665 432 721 disceptaretur
464 667 518 706 de
548 663 605 707 iis
634 665 827 722 legibus,
867 680 977 722 quae
1008 669 1062 708 ad
1093 669 1307 709 Senatum
1337 683 1440 724 per-

111 737 321 791 tinerent,
353 748 449 778 tum
482 739 536 778 de
565 735 646 789 iis,
680 750 792 791 quae
823 738 877 777 ad
909 735 1167 779 universam
1199 739 1439 794 rempubli-

112 823 236 855 cam,
267 807 424 857 tertio‚
469 823 580 865 quae
612 809 665 849 ad
695 821 859 848 novem
887 809 1156 861 Archontes,
1196 821 1436 864 postremo,

112 894 224 936 quac
255 880 306 919 ad
338 880 530 936 reliquos
561 878 853 936 magistratus,
884 901 941 910 —-
998 878 1171 936 Quodsi
1203 879 1364 936 quibus
1388 896 1441 922 ex

110 949 335 992 veteribus
368 947 539 1005 legibus
579 964 716 990 novas
758 947 963 1004 obrogari
1003 951 1196 1006 populus
1227 951 1440 1007 permise-

110 1032 199 1074 rat,
239 1020 325 1062 illis
355 1019 532 1074 patroni
575 1019 701 1076 quini
733 1021 1017 1070 creabantur,
1057 1021 1134 1076 qui
1165 1035 1233 1062 eas
1262 1021 1310 1062 in
1340 1025 1441 1064 No-

107 1094 410 1134 mothetarum
438 1089 609 1142 judicio
639 1091 1017 1141 ¹defenderent¹⁵);
1057 1092 1346 1148 solebantque
1376 1093 1436 1142 hi,

107 1175 160 1208 ut
198 1174 331 1220 puto,
374 1161 465 1202 fere
504 1176 558 1202 ex
595 1160 647 1203 iis
679 1176 792 1209 esse,
836 1162 913 1217 qui
949 1176 1086 1203 novas
1128 1163 1437 1209 dissuaserant.

106 1238 318 1281 Poterant
347 1244 521 1280 tamen,
562 1232 696 1275 etiam
726 1244 897 1290 praeter
925 1233 1056 1281 istos,
1101 1234 1179 1290 qui
1209 1249 1231 1276 a
1262 1239 1434 1292 populo

107 1308 382 1354 creabantur,
413 1304 488 1346 alii
517 1304 703 1360 quilibet
723 1315 927 1345 veterum
958 1304 1107 1360 legum
1138 1308 1441 1361 patrocinium.

106 1377 353 1433 suscipere,
420 1389 478 1415 ne
531 1375 597 1416 his
652 1389 853 1431 unquam
914 1376 1117 1416 deessent
1167 1377 1436 1433 defensores,

106 1448 278 1490 etiamsi
318 1446 512 1487 fortassis
551 1446 718 1501 publici
747 1446 822 1487 isti
852 1446 1025 1500 patroni
1055 1446 1206 1489 officio
1237 1462 1318 1490 suo
1350 1451 1436 1492 mi-

106 1535 192 1562 nus
232 1521 348 1560 bene
388 1517 697 1573 fungerentur.
773 1516 943 1558 Idcirco
984 1517 1297 1573 constitutum!
1327 1533 1433 1571 erat,

104 1671 277 1707 tribubus
302 1682 442 1714 unum,
471 1671 535 1718 qui
558 1671 664 1718 leges
689 1673 925 1716 scriberent,
947 1679 985 1708 et
1009 1673 1191 1718 scribam,
1219 1676 1284 1722 qui
1308 1676 1348 1711 in
1373 1678 1437 1712 Se·

104 1739 195 1768 natu
219 1743 367 1777 proque
399 1733 583 1767 concione
605 1733 804 1768 recitaret:
841 1734 955 1769 facile
970 1760 979 1777 ,
1004 1741 1119 1779 puto,
1155 1736 1276 1781 quivis
1292 1737 1437 1777 'inteni-

103 1793 172 1838 git,
198 1792 343 1825 nullam
368 1804 451 1827 esse
461 1793 568 1836 hujus
583 1794 815 1829 Scholiastae
839 1795 1123 1839 auctoritatem3
1150 1807 1278 1844 neque
1302 1799 1436 1833 obscu—

102 1865 188 1888 rum
213 1859 292 1896 est,
317 1852 419 1887 unde
443 1854 516 1888 iste
541 1844 651 1889 error
679 1856 843 1891 fluxerit.

149 1924 206 1967 14)
233 1922 322 1956 Sine
358 1921 517 1956 Senatus
555 1926 781 1960 auctoritate
814 1925 861 1960 de
892 1925 1041 1971 legibus
1077 1926 1138 1971 agi
1170 1937 1260 1961 cum
1292 1929 1432 1973 populo

99 1995 176 2018 non
202 1981 366 2024 licuisse,
393 1981 541 2016 etiamsi
565 1985 670 2020 nulla
693 1991 881 2021 exstarent
906 1985 1044 2020 diserta
1068 1992 1242 2022 veterum
1264 1987 1433 2023 testimo·

100 2044 176 2087 nia,
201 2051 330 2078 tamen
355 2043 519 2078 dubitari
543 2057 621 2079 non
644 2049 781 2090 posset,
796 2058 933 2095 >neque
949 2047 1048 2080 enim
1061 2046 1267 2094 quidquam
1290 2050 1434 2095 absque

100 2104 435 2140 senatusconsulto
461 2104 508 2138 ad
540 2106 723 2150 populum
754 2097 849 2139 ferri
883 2108 1075 2152 potuisse,
1110 2120 1223 2153 supra
1256 2109 1431 2146 vidimus.

100 2155 174 2200 Sed
198 2166 273 2199 huc
296 2165 463 2210 pertinet
496 2166 629 2200 Pollux
664 2166 769 2200 VIII.
804 2177 881 2200 101.
944 2167 1034 2204 Tov's
1063 2167 1133 2216 γάρ
1167 2173 1269 2207 νέους
1299 2167 1435 2215 νόμους

99 2223 313 2270 ἐδοκίμαζεν
342 2222 367 2269 ἦ
400 2223 517 2271 βουλή
548 2231 608 2261 καὶ
635 2224 657 2262 ὅ
688 2226 799 2272 δῆμος
835 2230 895 2262 καὶ
921 2226 968 2263 τοὶ
1000 2225 1228 2274 δικαστήρια.
1288 2231 1433 2276 Quodsi

98 2278 176 2318 non
201 2291 289 2318 ante
318 2285 518 2320 ferendam
542 2286 588 2320 ad
612 2288 796 2332 populum
818 2287 946 2332 legem
981 2288 1136 2322 Senatus
1173 2291 1431 2325 consulendus

98 2351 202 2386 erat,
236 2344 302 2378 sed
333 2353 486 2390 postea,
529 2345 632 2382 nulla
666 2354 745 2382 erat
778 2349 858 2391 ejus
893 2348 1107 2382 auctoritas.
1158 2349 1430 2386 Demosthenis

98 2405 204 2447 loco,
237 2405 319 2440 ὃᾶν.
358 2407 525 2441 Timocr.
563 2420 597 2453 p.
636 2418 714 2455 715.
749 2407 813 2443 hie
837 2406 893 2442 uti
917 2408 1049 2452 nolui,
1085 2410 1264 2457 quoniam
1294 2412 1349 2446 ibi
1383 2412 1432 2447 de

97 2465 280 2510 singulari
302 2472 450 2501 tantum
477 2469 717 2513 rogationum
749 2479 892 2515 genere
926 2469 1062 2515 agitur.

146 2535 203 2578 15)
229 2535 278 2568 Hi
302 2532 465 2573 σι”νδικοι
489 2544 552 2573 aut
575 2535 768 2585 συνήγοροι
804 2538 1040 2575 dicebantur.
1066 2539 1117 2574 cf.
1144 2539 1260 2575 Wolf.
1288 2540 1312 2575 l.
1339 2541 1364 2574 1.
1391 2553 1430 2586 p.

98 2595 298 2630 CXXXVI.
319 2603 399 2631 not.
430 2603 503 2642 ¹58·
