1706 3058
261 145 339 175 202

255 246 429 298 τιμηθῇ,
474 240 653 282 δεδέσθω
685 240 801 289 τέως,
842 241 917 290 ἕως
947 239 998 283 ἆῖν
1023 242 1156 298 ἐκτίσῃ
1200 240 1243 292 δ’,
1287 257 1324 283 τι
1355 243 1406 285 ἅν
1443 250 1571 288 αυτοῦ

252 309 535 367 καταγνωσθῇ.
597 308 907 351 Constitutum
938 310 1075 367 igitur
1113 321 1203 352 erat
1242 312 1337 367 lege
1375 311 1472 367 illa,
1516 321 1571 372 τῷ

259 384 536 438 εἰσαγγελτικῷ
573 379 706 437 νόμῳ,
750 391 819 429 ut,
855 379 891 420 si
935 379 1034 436 quis
1076 391 1186 423 esset
1215 396 1292 437 per
1323 386 1572 440 εἰσαγγελίαν

255 455 310 496 ad
352 455 563 493 Senatum
605 451 772 492 delatus
810 462 856 492 et
897 465 920 492 a
961 454 1125 494 Senatu
1167 452 1213 492 in
1251 451 1434 494 vincula
1465 468 1571 496 con..

253 529 421 578 jectus,
463 523 904 563 Senatusconsnltum
933 523 1071 570 illud,
1112 537 1200 578 quo
1241 537 1345 564 eum
1375 523 1574 567 criminis

254 592 400 636 teneri
431 595 618 634 Senatus
651 592 912 644 judicasset,
942 608 964 634 a
995 591 1140 634 scriba
1170 593 1400 646 Prytaniae
1429 596 1573 637 trade·

252 676 375 708 retur
404 663 756 716 Thesmothetis,
788 664 922 720 hique
953 679 1078 705 reum
1112 663 1158 704 in
1188 663 1410 716 judicium
1441 666 1573 707 dedu-

252 738 478 786 cerent⁹⁹).
540 733 660 776 Huic
688 733 829 775 veteri
860 733 949 789 legi
981 733 1063 775 alia
1102 748 1217 775 nova
1249 736 1479 792 subrogata
1508 747 1573 777 est

253 823 277 850 a
307 807 582 857 Timocrate,
613 815 677 851 ut,
710 802 746 844 si
771 805 949 859 quando
974 807 1420 848 Senatusconsultum
1444 806 1570 855 illud,

251 878 283 935 'l
320 879 590 934 κατάγνωσις,
649 875 980 917 Thesmothetis
1021 891 1043 916 a
1091 875 1232 916 scriba
1274 877 1432 920 tradita
1479 892 1571 920 non

255 961 389 997 essct,
423 946 838 990 undecimvirorum
861 958 974 988 esset
995 945 1214 999 officium,
1245 945 1362 988 intra
1393 947 1572 1004 triginta

253 1023 368 1070 dies,
409 1036 462 1063 ex
505 1032 592 1075 quo
635 1031 734 1057 reus
779 1015 886 1071 ipsis
930 1018 1138 1069 traditus,
1180 1017 1206 1061 i.
1248 1033 1284 1062 e.
1316 1018 1363 1060 in
1396 1019 1574 1062 vincula

253 1096 380 1136 datus
413 1100 548 1136 esset,
584 1103 686 1128 eum
717 1088 1052 1129 Thesmothctis
1071 1091 1286 1131 adducere
1315 1090 1574 1146 judicioque

250 1165 418 1211 sistere,
450 1160 538 1201 nisi
571 1159 608 1200 si
640 1158 750 1214 quid
783 1157 952 1214 publici
983 1158 1299 1215 impedimenti
1330 1160 1572 1203 incidisset.

205 1236 217 1247 “’
250 1240 465 1281 Accusare
497 1242 644 1273 autem
676 1245 800 1270 reum
832 1229 879 1269 in
909 1229 1075 1280 judicio
1105 1230 1258 1271 liceret
1288 1229 1432 1272 cuivis
1465 1230 1572 1283 civi⁸

255 1306 335 1364 qui
376 1315 494 1346 statu
534 1312 646 1344 esset
695 1299 882 1356 integro.
964 1301 1273 1342 Condemnato
1317 1315 1390 1342 reo
1433 1317 1575 1348 noena

253 1376 559 1421 aestimaretur
589 1375 640 1413 ab
671 1371 862 1414 Heliaea.
923 1371 969 1412 Si
1000 1375 1167 1414 mulcta
1198 1372 1317 1414 dicta
1347 1388 1386 1414 ea
1450 1404 1483 1422 .‚
1524 1373 1571 1414 in

251 1446 447 1489 vinculis
479 1446 739 1488 haberetur,
782 1442 924 1482 donec
954 1457 1050 1483 eam
1082 1443 1298 1485 solvisset.

338 1518 423 1560 Sed
453 1518 506 1557 ab
536 1517 623 1555 hoc
654 1511 824 1568 vulgari
857 1523 900 1553 et
928 1512 1134 1568 legitimo
1169 1513 1331 1556 ordine
1371 1513 1574 1556 discessit

250 1601 571 1643 nonnunquam
603 1587 785 1627 Senatus
816 1583 864 1623 in
887 1583 1161 1640 gravissimis
1187 1584 1462 1638 criminibus,
1494 1584 1571 1626 ubi

251 1661 428 1709 statim,
473 1669 516 1699 et
543 1656 641 1698 sine
672 1656 758 1696 ulla
789 1655 1111 1697 deliberatione
1143 1668 1390 1712 appareret,
1426 1672 1567 1705 reum,

251 1736 290 1783 ai
332 1730 569 1776 convictus
608 1738 741 1775 esset,
792 1738 867 1768 aut
904 1725 1084 1784 capitali
1121 1740 1288 1781 poena,
1342 1739 1418 1769 aut
1456 1740 1574 1770 certe

252 1810 418 1858 majore
468 1815 599 1857 quam
649 1798 992 1855 quingentarum
1044 1799 1349 1840 drachmarum
1405 1800 1570 1841 mulcta

253 1876 440 1933 dignum
473 1888 577 1915 esse.
637 1875 686 1914 In
718 1869 788 1912 his
820 1868 964 1916 enim,
1007 1883 1109 1910 cum
1150 1871 1335 1911 Senatus
1374 1868 1572 1926 cognitio

239 1960 298 1990 et
326 1943 651 2003 praejudicium
683 1954 1053 1996 supervacaneum
1086 1955 1178 1982 esse
1209 1940 1460 1989 videretur,
1491 1951 1572 1982 sta,

251 2019 339 2062 tim
369 2032 434 2059 res
475 2017 528 2058 ad
558 2011 850 2056 Heliasticum
881 2010 1101 2061 judicium
1133 2011 1257 2063 rejici
1287 2013 1481 2060 solebat,
1511 2010 1574 2053 ita

254 2103 430 2137 tamen,
479 2098 530 2129 ut
568 2083 957 2129 senatusconsulto
1005 2093 1295 2136 statueretur,
1344 2085 1572 2140 quomodo

255 2160 541 2209 deducendus
572 2157 621 2204 in
651 2152 874 2209 judicium
903 2168 1004 2195 reus
1035 2164 1158 2200 esset,
1190 2155 1414 2210 quomodo
1446 2168 1571 2196 accu-

253 2233 416 2277 sandus
448 2241 490 2273 et
520 2228 748 2286 quomodo
778 2223 1054 2278 judicandus.
1114 2227 1233 2266 Haec
1264 2224 1573 2275 commodissi-

255 2321 329 2350 me
360 2301 550 2359 intelligi
582 2307 794 2357 poterunt
823 2311 876 2338 ex
906 2295 982 2337 illo
1014 2297 1422 2348 Senatusconsulto‚
1453 2297 1572 2352 quod

253 2378 304 2429 in
337 2370 624 2431 Antiphontis
656 2367 749 2417 vita
777 2366 970 2409 servavit
989 2365 1571 2424 Pseudo-Plutarchuswo),

300 2495 360 2540 99)
386 2493 468 2526 Hoc
491 2487 846 2523 Thesmothetarum
877 2497 1011 2520 munus
1035 2484 1175 2519 indicat
1206 2484 1319 2518 etiam
1342 2481 1413 2516 Jul.
1439 2480 1573 2515 Pollux

255 2556 361 2589 vm.
389 2558 444 2592 88.
473 2548 512 2588 οἶ
535 2550 770 2594 Θεσμοθέται
795 2565 841 2571 -
874 2543 1052 2592 εἰσάγουσι
1078 2543 1141 2580 τοῖς
1173 2543 1213 2579 ἐκ
1247 2543 1311 2590 τῆς
1337 2540 1470 2589 βουλῆς
1501 2554 1570 2578 κα-

257 2623 460 2661 vastamus·

309 2675 387 2716 mo)
413 2671 505 2706 Vitt.
532 2671 577 2706 X.
605 2670 726 2705 Oratt.
752 2680 788 2715 p.
814 2673 894 2715 833.

1694 1062 1706 1280 -a—msstss
1697 1027 1706 1051 μ.
1699 999 1706 1006 z
1704 974 1706 978 i

1698 2011 1706 2021 A
1692 1992 1695 1997 ⁴

1668 2787 1706 3058 1
