1706 3058
264 149 343 194 140

261 267 488 306 mentum,
529 260 577 297 in
609 268 699 311 quo
737 252 847 296 illud
875 254 1071 312 primum
1102 266 1188 303 eet,
1220 257 1354 312 quod
1384 254 1574 298 maxime

260 328 463 383 quemvis
488 327 695 375 offendat,
728 327 837 367 adeo
868 325 1055 368 incertas
1084 338 1126 369 et
1144 326 1416 382 promiscuas
1439 325 1575 369 fuisse

261 400 379 454 apud
419 397 704 439 Athenienses
743 396 1078 453 magistratuum
1118 398 1457 454 appellationes.
1497 399 1579 438 ad-

263 483 402 524 eoque
434 466 605 507 varium
638 477 680 508 et
710 466 1038 509 inconstantem
1069 469 1203 510 etiam
1244 468 1469 524 publicum
1507 467 1579 509 lo.-

263 538 426 596 quendi
458 552 609 584 usum,
642 549 716 588 ut,
755 538 833 595 qui
865 540 970 580 aiias
1003 555 1200 595 semper,
1231 539 1364 580 etiam
1396 537 1444 580 in
1476 540 1579 579 Pse-

259 609 514 668 pbismatis‚
560 608 801 653 Ἐπιστάται
840 612 910 652 vel
954 611 1158 666 Πρόεὸροι
1195 611 1493 666 appellantur,
1537 621 1580 650 et

260 684 481 726 ἐπιστατεῖν
522 695 571 722 ac
621 681 882 737 προεδρεύειν
925 680 1158 728 dicuntur,
1207 681 1341 722 iidem
1385 680 1429 721 in
1473 679 1582 736 ipsis

263 750 426 793 tabulis
458 749 642 805 publicis
671 762 802 807 atque
833 750 1170 806 Psephisniatis‚
1203 753 1360 792 eodem
1390 753 1489 793 loco
1521 762 1580 792 at-

265 837 351 878 que
382 822 538 863 eodem
572 821 754 862 nomine
785 820 986 877 appellati
1032 820 1148 874 sint,
1195 835 1281 877 quo
1323 821 1427 863 alias
1466 836 1582 862 sem-

262 911 340 952 per
371 893 576 950 princeps
613 892 981 933 novemvirorum
1011 893 1217 946 appellari
1258 893 1406 933 soleat.
1467 893 1583 932 Nam

263 966 389 1022 quod
422 965 538 1020 apud
569 962 890 1006 Grammaticos
923 962 1105 1003 nomina
1151 964 1357 1019 Πρύτανις
1383 973 1426 1002 et
1464 961 1584 1005 Ἐπι-

265 1037 410 1091 στάτης
448 1046 731 1089 exponuntur
771 1034 990 1074 vocabulo
1030 1034 1218 1089 ”Αρχων,
1264 1034 1312 1075 id
1350 1033 1459 1074 nihil
1493 1036 1582 1074 hue

264 1107 510 1166 pertinere,
556 1103 702 1160 quivis
733 1102 960 1159 intelligit.
1019 1104 1151 1153 Dein,
1197 1120 1299 1146 curn
1318 1116 1487 1146 certum
1509 1103 1580 1152 sit,

265 1179 565 1234 Epiatatarum
586 1190 750 1216 munus
762 1173 898 1215 unius
912 1174 1002 1214 diei
1018 1175 1160 1230 spatio
1176 1174 1409 1216 definitum
1432 1175 1581 1224 fuisse,

265 1265 410 1305 neque
433 1261 699 1304 quemquam
717 1247 815 1301 plus
841 1247 973 1287 semel
995 1245 1237 1300 Epistatam
1259 1261 1351 1288 esse
1371 1245 1582 1301 potuisse,

266 1321 345 1377 qui
385 1321 549 1361 factum
590 1329 678 1365 est,
721 1327 771 1357 ut
809 1316 1108 1372 Mnesiphilus
1145 1315 1271 1357 verbi
1311 1331 1462 1365 causa,
1507 1327 1584 1358 aut

264 1393 550 1447 Heropythus
607 1387 808 1445 pluribus
863 1390 1060 1439 ejusdem
1115 1385 1220 1426 anni
1270 1387 1584 1442 psephismatis

264 1460 526 1520 praescripti
563 1459 677 1508 sint,
720 1473 832 1514 quae
863 1473 955 1499 non
987 1459 1033 1499 in
1055 1456 1227 1503 iisdem,
1262 1459 1337 1497 sed
1366 1457 1414 1498 in
1445 1457 1585 1500 diver-

265 1532 326 1576 sis
370 1531 564 1574 comitiis
603 1529 687 1570 lata
726 1544 818 1570 esse
859 1529 1066 1586 apparet?
1125 1527 1352 1582 Denique,
1394 1526 1472 1582 qui
1502 1541 1587 1579 po...

264 1614 450 1646 tuerunt
479 1600 732 1647 Aeschines,
766 1603 1088 1641 Demosthenes
1120 1609 1163 1640 et
1193 1601 1452 1640 Plutarchus
1481 1597 1587 1654 Epi-

265 1686 479 1718 statatum
512 1672 775 1713 diurnorum
814 1670 1075 1711 nominibus
1116 1684 1195 1726 pro
1237 1669 1340 1710 anni
1379 1667 1588 1725 designa-

266 1747 391 1788 tione
440 1743 542 1786 uti?
608 1745 729 1783 Haec
777 1739 946 1797 aliaque
987 1741 1206 1793 ejusmodi
1258 1746 1345 1793 jam
1393 1742 1446 1781 ab
1487 1738 1584 1780 aliis

268 1817 374 1861 satis
407 1814 621 1871 exagitata
651 1822 776 1857 sunt,
817 1825 961 1866 neque
1002 1812 1231 1869 quisquam
1264 1822 1326 1854 est
1357 1812 1440 1852 hoc
1471 1804 1586 1851 tem-.-

267 1903 403 1949 pore,
446 1885 523 1942 qui
555 1899 647 1925 non
686 1882 815 1923 istam
846 1883 1072 1927 Dodwelli
1112 1883 1371 1940 opinionem
1400 1880 1587 1922 falsissi-

269 1974 389 2001 mam
416 1972 506 1999 esse
531 1965 719 1998 censeat.
750 1953 993 1995 Notissima
1021 1967 1167 1996 autem
1193 1965 1255 1996 est
1276 1954 1392 1994 inter
1415 1965 1583 2000 omnes,

276 2042 319 2072 et
339 2045 361 2071 a
383 2028 606 2086 plerisque
636 2027 811 2083 probata
835 2025 1081 2067 doctissimi
1115 2037 1158 2068 et
1192 2022 1438 2068 acutissimi
1468 2021 1582 2070 Itali,

271 2098 486 2152 Corsinii,
515 2097 750 2145 sententia,
783 2096 920 2138 moris
951 2096 1098 2145 fuisse,
1132 2108 1198 2145 ut,
1230 2095 1266 2137 si
1297 2095 1471 2151 quando
1502 2097 1585 2136 Ar-

271 2175 658 2226 chonEponymus
675 2180 750 2210 aut
771 2180 974 2211 mortuus
999 2181 1124 2216 esset,
1147 2179 1223 2210 aut
1242 2169 1484 2222 abrogatus,
1507 2176 1585 2207 aut

271 2243 417 2299 aliqua
441 2256 566 2283 causa
588 2240 839 2297 impeditus,
871 2254 958 2295 quo
982 2240 1128 2280 minus
1149 2236 1327 2281 Senatui
1352 2248 1427 2277 aut
1449 2236 1584 2278 comi·

275 2315 351 2358 tiis
384 2313 627 2362 interesset,
660 2323 768 2352 tunc
789 2310 946 2366 aliquis
965 2326 985 2352 e
1005 2311 1214 2368 collegio,
1245 2313 1335 2350 Rex
1366 2319 1440 2349 aut
1457 2309 1583 2351 Pole-

274 2389 480 2431 marchus
508 2393 582 2423 aut
612 2396 727 2423 unus
751 2398 774 2424 e
794 2381 1122 2423 Thesmothetis
1142 2379 1260 2420 iuius
1276 2379 1419 2421 vicem
1443 2379 1583 2434 exple-

274 2471 360 2508 ret,
401 2471 450 2499 ac
492 2454 673 2498 Senatui
715 2452 1001 2508 comitiisque
1031 2449 1332 2511 praesideret4
1362 2452 1584 2505 hujusque

273 2545 462 2577 nomen,
505 2526 734 2583 tantisper,
776 2528 879 2567 dum
920 2521 1137 2580 Eponymi
1176 2520 1274 2562 vice
1314 2522 1582 2578 fungeretur,

275 2608 461 2647 Senatus
493 2598 705 2641 consultis
735 2613 783 2639 ac
822 2593 1067 2639 Plebiscitis
1097 2592 1282 2648 aliisque
1313 2591 1475 2634 tabulis
1499 2606 1584 2646 pu·-

273 2675 426 2722 blicis,
458 2687 538 2730 pro
569 2668 791 2728 Eponymi
834 2666 1062 2710 Archontis
1103 2665 1282 2709 nomine
1319 2661 1586 2720 praescribe-

948 2775 974 2783 α
