1706 3058
200 175 238 203 11

204 275 472 313 conventus,
500 261 598 312 alia,
622 273 732 318 quae
753 261 805 301 ad
828 259 1025 316 singulos
1046 259 1326 316 magistratus
1344 264 1532 307 referan-

206 350 293 381 tur.
335 338 419 379 Sed
440 346 490 376 ut
511 332 699 390 quisque
731 341 796 372 est
819 331 1010 372 maxime
1028 332 1248 386 popularis
1271 349 1415 376 rerum
1439 347 1532 376 sta-

205 420 300 457 tus,
332 407 414 454 ita,
448 403 681 446 imminuta
705 401 1038 456 magistratuum
1062 403 1343 454 auctoritate,
1372 405 1535 448 latissi-

207 495 280 522 me
301 488 419 535 patet
451 475 762 516 universorum
794 482 998 527 potestas,
1046 474 1187 527 Atque
1218 475 1303 518 hoc
1335 476 1534 519 evenisse

206 551 409 593 videmus
433 546 479 587 in
499 541 836 588 Atheniensium
858 541 1096 597 republ-ica,
1122 542 1428 600 ubi-populare
1452 544 1534 586 im-

208 621 407 679 perium,
439 633 489 659 ex
510 615 630 672 regio
653 612 830 673 ac'dein
855 612 1139 668 optimatium
1159 613 1386 669 paullatim
1411 630 1538 656 exor-

210 706 328 738 tum,
363 700 536 732 tantum
556 685 822 741 procedente
838 694 1036 739 tempore
1061 684 1216 731 crevit,
1245 696 1296 725 ut
1319 685 1438 725 omni
1461 700 1538 741 op-

210 763 423 805 timorum
446 757 705 801 auctoritate
735 755 1032 810 ordinumque
1063 754 1320 796 discrimine
1350 757 1553 811 sublato„

211 833 503 874 immoderata
524 829 596 870 illa
616 825 758 883 plebis
781 824 1047 877 dominatio,
1080 824 1303 877 tyrannidi
1330 840 1459 880 quam
1488 826 1540 867 li-

210 902 369 946 bertati
391 901 592 946 similior,
615 913 692 939 sua
717 911 762 937 se
783 895 874 952 ipsa
899 894 1180 936 vehementia
1208 896 1386 950 suisque
1415 895 1542 938 vitiis

211 975 493 1017 labefactaret
531 979 575 1011 et
607 970 859 1014 subrueret,
893 976 1023 1020 atque
1051 977 1274 1021 postremo
1303 980 1390 1006 una
1421 966 1544 1008 clade

211 1045 460 1104 perculsam
486 1037 806 1095 rempublicam
837 1036 1033 1077 hostium
1054 1040 1209 1092 jugum
1239 1037 1385 1078 subire
1409 1051 1544 1094 coge—

210 1127 291 1159 ret.
323 1115 407 1157 Sed
420 1115 626 1169 pleraque
648 1107 744 1150 talis
758 1106 934 1162 imperii
957 1105 1022 1148 vis
1043 1118 1241 1148 versatur
1260 1118 1302 1148 et
1327 1108 1543 1151 exseritur

214 1187 264 1230 in
286 1184 495 1231 comitiis,
520 1183 591 1223 vel
615 1180 701 1222 illis
723 1177 878 1234 populi
900 1179 1220 1226 conventubus‚
1242 1177 1318 1218 ubi
1343 1179 1394 1220 de
1407 1180 1545 1222 maxi-

213 1257 300 1300 mis
333 1258 461 1297 rebus
488 1249 679 1309 publicis
715 1248 952 1290 consultari
985 1259 1027 1289 et
1055 1248 1231 1289 decerni
1269 1250 1398 1298 solet;
1433 1266 1548 1307 quo-

213 1343 316 1371 rum
340 1323 588 1368 accuratior
608 1318 803 1377 cognitio
835 1318 1078 1360 necessaria
1110 1330 1174 1359 est
1205 1320 1434 1369 omnibus,
1469 1324 1548 1380 qui

214 1401 286 1441 vel
308 1396 540 1439 historiam
570 1389 904 1434 Atheniensium
923 1391 1058 1444 probe
1071 1390 1335 1446 perspicere,
1366 1394 1548 1437 velseri-

218 1482 393 1526 ptores,
435 1465 511 1523 qui
544 1467 663 1506 hunc
699 1465 851 1504 locum
883 1459 1120 1516 attingunt,
1160 1472 1278 1503 recte
1305 1463 1550 1519 intelligere

217 1541 390 1582 volunt.

304 1609 509 1653 Primum
530 1605 619 1647 fuit
634 1602 839 1651 Athenis,
871 1613 922 1642 ut
943 1601 991 1642 in
1013 1603 1170 1646 ceteris
1193 1604 1399 1646 omnibus
1422 1607 1551 1648 Grae·

221 1681 318 1725 ciae
337 1676 591 1721 civitatibus
606 1707 617 1724 ,
650 1673 824 1730 regium
845 1672 1109 1727 imperiu1n3
1141 1679 1268 1726 cujus
1291 1689 1398 1730 quae
1417 1676 1551 1718 fuerit

222 1755 364 1794 forma
395 1764 447 1791 ex
471 1744 720 1790 Homericis
751 1742 942 1785 maxime
967 1744 1233 1785 carminibus
1262 1745 1371 1786 disci
1392 1757 1552 1801 potest.

219 1821 416 1869 Etenim,
447 1830 496 1860 ut
518 1832 695 1860 morum
716 1813 919 1870 vitaeque
940 1813 1134 1869 privatae
1171 1815 1255 1856 illis
1279 1817 1554 1873 temporibus

220 1877 366 1947 *major
385 1891 471 1933 fuit
490 1889 603 1946 apud
626 1900 778 1928 omnes
802 1887 988 1926 Graecos
1019 1885 1280 1940 aequalitas,
1313 1887 1374 1928 ita
1396 1887 1442 1928 in
1473 1904 1554 1945 pu-

227 1964 354 2007 blicis
377 1976 552 2019 quoque
570 1961 698 2000 rebus
721 1967 763 1998 et
784 1953 999 1996 institutis
1022 1955 1171 1997 minus
1188 1956 1303 1998 inter
1325 1973 1370 1999 se
1389 1958 1553 2000 diversi

226 2036 367 2078 fuisse
402 2033 626 2074 videntur.
674 2032 775 2070 Erat
807 2038 954 2067 autem
982 2025 1148 2082 ubique
1177 2027 1351 2084 regium
1375 2034 1443 2082 jus
1463 2016 1554 2071 non

230 2106 482 2147 absolutum
507 2112 550 2143 et
570 2111 836 2144 extremum,
869 2098 944 2138 sed
969 2097 1121 2153 populi
1141 2109 1356 2154 potestate
1385 2100 1557 2143 coerci-

231 2186 329 2215 tum
357 2183 399 2214 et
429 2183 734 2229 temperatum.
779 2170 908 2212 Plura
941 2167 1061 2209 enim
1098 2182 1200 2211 sunt
1229 2170 1354 2227 regni
1382 2185 1556 2228 genera,

233 2258 337 2286 cum
369 2254 443 2283 aut
472 2254 687 2299 perpetuo
721 2241 999 2284 exercituum
1039 2239 1229 2295 imperio
1264 2251 1306 2281 et
1332 2254 1557 2283 sacrorum

235 2316 517 2371 quorundam
546 2313 854 2369 procuratione
879 2311 1022 2353 onmis
1042 2324 1194 2352 eorum
1223 2310 1454 2353 definiatur
1475 2328 1558 2354 au-

235 2384 431 2432 ctoritas,
466 2384 542 2441 qui
562 2399 682 2439 reges
703 2396 931 2433 vocentur,
958 2394 1032 2423 aut
1057 2396 1230 2423 summo
1252 2382 1341 2423 sint
1356 2383 1560 2425 omnium

234 2469 382 2496 rerum
402 2455 604 2506 arbitrio,
635 2457 708 2496 sed
727 2455 928 2512 legitimo
948 2454 1024 2495 illo
1040 2486 1050 2501 ,
1084 2464 1126 2494 et
1144 2452 1321 2508 populis
1351 2453 1464 2493 haud
1484 2452 1560 2494 in-

235 2525 361 2573 vitis,
395 2541 415 2566 a
442 2525 640 2581 patribus
662 2539 865 2582 accepto,
899 2537 971 2566 aut
993 2534 1207 2580 potestate
1229 2522 1410 2578 quidem
1432 2537 1559 2564 sum-

235 2611 330 2644 ma,
362 2597 436 2637 sed
456 2598 508 2637 ad
528 2607 701 2652 tempus
725 2607 895 2639 tantum
918 2594 1067 2645 creati,
1098 2595 1244 2650 quales
1264 2594 1454 2646 fuerunt,
1476 2592 1555 2650 qui

235 2668 352 2723 apud
392 2669 578 2708 Graecos
619 2666 940 2723 antiquioribus
986 2663 1258 2721 temporibus
1300 2664 1557 2707 dicebantur
