1706 3058
1341 85 1422 142 517

99 192 297 232 Fuerunt
346 187 586 244 aliquando
649 184 784 229 etiam
843 193 1084 245 Συλλογεῒς,
1115 189 1427 246 ‘magistratus

96 258 433 301 extraordinarii
476 275 499 300 a
537 261 705 315 populo
747 259 907 310 creati,
949 263 1095 310 οἵτινες
1135 259 1425 317 ἐπεγράφοντο

93 330 166 381 τοὶς
206 330 348 381 οὐσίας
384 338 466 374 τῶν
508 329 795 385 ὀλιγαρχικῶν,
849 341 900 370 ut
941 342 1006 372 est
1047 333 1162 386 apud
1203 331 1426 377 incertum

93 402 246 445 Lexici
288 401 499 444 rhetorici
542 412 768 442 auctorem
785 401 850 456 ³⁰).
930 404 1022 443 Hos
1061 403 1245 445 nonnisi
1285 409 1423 448 semel

94 488 265 517 creatos
306 487 398 514 esse
435 471 710 528 putaverim,
760 483 860 528 post
906 472 1134 513 liberatam
1177 489 1198 515 a
1238 475 1425 532 triginta

92 556 383 599 tyrannorum
424 542 726 584 dominatione
767 538 1013 587 civitatem.
1095 547 1208 585 Nam
1253 548 1328 602 qui
1372 548 1424 591 in.

90 615 393 671 Inscriptione
423 615 632 670 quadam,
665 613 778 656 circa
812 616 988 670 Olymp.
1030 629 1117 661 112.
1150 627 1202 657 ut
1229 616 1421 668 videtur,

90 686 364 742 conscripta,
404 685 696 726 nominantur
735 694 940 743 συλλογεῖς
981 693 1056 730 τοῦ
1090 688 1245 742 δήμου,
1287 689 1332 730 hi
1374 692 1423 732 in

90 757 222 800 sacris
256 755 463 813 occupati
497 768 620 797 erant
652 768 695 798 et
726 772 893 799 nomen
925 758 1118 799 fortassis
1151 759 1255 801 inde
1285 773 1424 803 traxe-

91 840 222 876 runt,
258 826 379 884 quod
411 830 465 869 ad
496 843 639 870 sacros
673 831 887 885 quosdam
921 842 1170 872 conventus
1201 835 1424 888 populum

89 914 341 943 convocare
364 900 644 955 solebant³¹).
679 925 731 933 —
790 900 1000 955 Denique
1024 904 1285 944 creabantur
1306 919 1327 944 a
1346 920 1424 960 po·

87 974 197 1029 pulo
231 977 410 1014 Σιτοῖναι
440 973 494 1012 ad
526 974 824 1015 coemendum
853 972 1034 1029 publice
1067 973 1342 1016 frumentum
1378 988 1423 1017 et

87 1043 138 1084 in
176 1042 345 1085 horreis
386 1044 728 1098 roponendum,
771 1057 816 1087 et
856 1051 1041 1097 Βοῶναι,
1083 1045 1159 1102 qui
1190 1047 1326 1089 boves
1365 1049 1422 1089 ad

87 1114 303 1158 sacrificia
341 1118 671 1167 coemerent32).

170 1204 407 1244 Curatores
441 1215 625 1257 operum
656 1197 944 1256 publicorum
967 1213 1038 1243 aut
1059 1217 1081 1243 a
1102 1201 1307 1244 tribubus
1329 1218 1422 1247 cre-

87 1276 290 1321 abantur,
323 1282 398 1313 aut
429 1286 452 1312 a
481 1273 647 1327 populo
679 1271 728 1311 in
759 1271 966 1315 comitiis.
1024 1276 1086 1313 Ac
1119 1275 1173 1315 de
1204 1274 1291 1316 illis
1324 1275 1420 1331 qui-

36 1386 42 1392 ,
86 1347 188 1389 dem
218 1355 318 1401 post
347 1341 626 1395 videbimus3
659 1357 681 1383 a
713 1344 883 1398 populo
916 1355 1064 1385 autem
1096 1347 1148 1386 ad
1180 1359 1419 1400 procuran-

87 1419 197 1458 dum
228 1414 438 1456 bellicum
460 1424 714 1469 apparatum
734 1414 906 1456 Pseudo
922 1415 1269 1469 -Plutarchus³³)
1302 1433 1420 1459 crea·

84 1499 182 1528 tum
216 1500 310 1528 esse
340 1485 497 1528 scribit
536 1488 811 1540 Lycurgum,
855 1497 988 1541 atque
1027 1485 1075 1526 in
1114 1489 1419 1543 Psephismate

86 1560 208 1614 apud
238 1560 431 1599 eundem
473 1557 549 1598 hic
586 1561 888 1611 χειροτονηθείς
926 1555 1091 1598 dicitur
1130 1562 1195 1602 ἐπὶ
1234 1567 1306 1615 τῆς
1342 1568 1419 1605 τοῦ

83 1631 263 1684 πολέμου
289 1634 574 1684 παρασκευῆς,
613 1627 662 1667 in
703 1642 847 1684 eoque
885 1644 1069 1670 munere
1108 1644 1226 1671 arma
1258 1630 1415 1682 multa,

84 1701 277 1741 telorum
308 1699 632 1757 quinquaginta
664 1699 803 1739 millia
835 1699 884 1740 in
914 1715 1057 1741 arcem
1088 1702 1305 1753 retulisse,
1340 1704 1416 1746 tri-

83 1786 224 1812 remes
262 1771 598 1828 quadringentas
630 1771 686 1810 ad
704 1768 1007 1826 navigandum
1028 1770 1301 1827 instruxisse,
1333 1790 1417 1816 na-

82 1842 259 1893 valia³⁴)
287 1843 497 1885 inchoata
528 1852 573 1884 et
590 1841 978 1884 armamentarium
990 1842 1239 1898 perfecisse.
1272 1848 1414 1889 Thea-

126 1983 188 2027 30)
215 1981 378 2016 Bekken·
401 1982 541 2017 Anecd.
568 1984 597 2016 Ι.
623 1994 660 2027 p.
686 1994 765 2028 5⁰4·

128 2067 184 2110 51)
212 2066 385 2111 Inscript.
411 2077 469 2111 ap.
496 2066 744 2109 Boeckhim,
770 2068 861 2102 Tah.
890 2069 938 2102 ΙΙ.
955 2079 1017 2102 no.
1041 2068 1146 2102 VIII.
1171 2068 1227 2103 Cf.
1245 2069 1410 2104 Boeckh.

80 2128 132 2161 11.
158 2138 192 2171 p.
221 2138 299 2171 253.
341 2127 505 2161 Comitia
528 2128 573 2161 ab
598 2128 643 2161 iis
667 2128 794 2163 habita
818 2141 914 2172 esse,
939 2128 1089 2163 nullum
1113 2135 1170 2163 est
1196 2130 1410 2176 vestigium,

81 2199 208 2234 neque
234 2198 280 2221 ex
304 2187 557 2232 appellatione
589 2189 727 2232 conjici
750 2196 886 2235 potest.

127 2271 187 2315 32)
212 2272 273 2306 De
297 2270 435 2304 Sitonis
460 2271 532 2304 vid.
558 2270 758 2307 Demosth.
785 2273 832 2308 de
853 2285 979 2308 coron.
1005 2284 1041 2318 p.
1066 2283 1141 2318 310.
1169 2275 1215 2308 cf.
1241 2275 1408 2311 Boeckh·

80 2331 111 2364 Ι.
139 2343 175 2376 p.
201 2331 270 2377 963
297 2331 344 2366 de
366 2332 526 2375 Boom's,
554 2334 773 2380 Harpocrat.
799 2348 827 2370 s.
854 2347 888 2370 v.
915 2341 953 2370 et
970 2335 1135 2372 Boeckh.
1161 2337 1192 2370 Ι.
1217 2347 1255 2381 p.
1282 2348 1360 2382 232·

125 2416 186 2459 35)
211 2414 301 2448 Vitt.
327 2415 372 2448 X.
401 2415 522 2449 Oratt.
549 2427 585 2461 p.
620 2420 696 2460 841.
725 2418 764 2452 C.

125 2497 186 2542 34)
214 2495 305 2534 Tei-s
326 2501 559 2541 νεωσοίκους,
594 2499 660 2545 qui
692 2507 815 2544 partes
851 2509 939 2537 sunt
961 2504 1174 2547 navalium,
1210 2503 1285 2540 τῶν
1316 2518 1408 2539 νεω-

80 2558 182 2604 ρίων.
219 2557 302 2591 Vid.
337 2559 500 2603 Hesych.
536 2566 574 2593 et
608 2560 732 2605 Etym.
768 2563 824 2597 M.
860 2576 888 2598 s.
915 2577 948 2598 v.
976 2566 1063 2599 Lex.
1090 2565 1200 2599 Rhet.
1228 2565 1405 2608 Bekkeri,

79 2627 116 2662 p.
140 2622 221 2656 282·
245 2619 468 2663 Harpocrat.
496 2626 534 2654 et
559 2620 660 2655 Suid.
687 2633 715 2656 s.
742 2634 775 2658 ν.
803 2625 1007 2660 Navalihus
1032 2632 1160 2661 autem
1186 2627 1250 2672 qui
1273 2638 1404 2672 praee-
