1706 3058
252 136 274 153 1)

223 157 276 192 {W

227 247 412 286 Senatus
442 242 536 298 ipse
568 244 820 283 consultum
858 254 994 283 suum
1023 253 1067 283 et
1097 239 1406 284 auctoritatem
1435 258 1543 300 per-

226 313 406 362 scribit,
438 314 601 369 populo
631 309 856 366 proponit,
887 322 1032 368 rogat,
1066 326 1121 353 an
1152 312 1286 359 idem,
1319 314 1437 369 quod
1468 317 1539 357 Se·

226 384 376 433 natui,
418 383 550 425 etiam
582 383 746 438 populo
783 383 974 438 placeat:
1012 382 1049 424 si
1080 382 1302 424 consentit
1333 387 1540 441 populna,

227 459 346 500 nulla
388 453 580 509 amplius
618 451 935 494 deliberatione
978 468 1088 510 opus
1128 465 1218 507 θεῖς
1259 452 1327 495 sin
1359 458 1544 499 Senatus

228 524 481 571 auctoritati
513 524 706 580 populus
737 537 828 565 non
860 524 1126 580 acquiescit,
1158 527 1234 566 sed
1256 523 1442 566 ulterius
1473 525 1546 566 de-

227 598 509 642 liberandum
540 605 710 642 censet,
743 605 851 637 tunc
882 594 1071 637 cuilibet
1103 606 1146 638 et
1178 599 1307 638 verba
1339 597 1479 638 facere
1503 604 1547 636 et

227 675 368 728 legem
399 681 647 724 proponere
686 665 814 714 licet,
857 681 967 722 quae
998 667 1180 723 quidem
1209 670 1278 708 lex
1309 681 1331 708 a
1362 669 1547 709 Senatus
1596 689 1598 691 ·

228 741 434 784 consulto
467 750 510 778 et
548 736 808 778 auctoritate
849 739 1111 792 plerumque
1141 749 1206 780 est
1235 736 1548 779 diversissima.

227 816 316 858 Ita,
349 819 400 850 ut
430 807 643 864 exemplis
674 823 741 848 res
763 807 1020 855 illustretur,
1053 821 1200 850 narrat
1222 806 1547 863 Xenophon¹¹),

228 881 518 923 deliberatum
550 893 640 920 esse
671 877 857 920 Athenis
889 877 937 919 in
962 877 1160 920 comitiis
1184 880 1238 920 de
1270 877 1455 920 foederis
1485 877 1550 919 in-

227 967 295 996 ter
334 949 619 994 Athenienses
666 949 1131 1005 Lacedaemoniosque
1193 950 1361 1006 legibus
1411 961 1455 990 et
1494 951 1549 992 de

229 1022 475 1066 dividendo
506 1019 620 1060 inter
649 1030 860 1074 utrosque
892 1020 1206 1061 communium
1230 1021 1446 1062 bellorum
1467 1019 1550 1063 im-

228 1093 367 1153 perio.
445 1092 690 1134 censuerat
737 1093 943 1138 Senatus,
993 1102 1043 1132 ut
1092 1090 1202 1132 mari
1247 1091 1550 1142 Athenienses,

229 1176 342 1207 terra
373 1158 718 1205 Lacedaemonii
760 1160 998 1217 imperium
1035 1163 1269 1211 haberent3
1309 1161 1358 1203 id
1397 1162 1552 1204 multis

229 1253 252 1278 e
283 1236 450 1293 populo
480 1233 648 1289 placet:
681 1242 725 1272 at
753 1232 893 1288 surgit
923 1231 1271 1288 Cephisodotus,
1304 1232 1556 1276 orationem

229 1311 382 1359 habet,
423 1315 473 1345 ut
512 1302 716 1345 vicissim
747 1303 928 1359 utrique
970 1314 1013 1344 et
1042 1302 1154 1343 mari
1186 1313 1229 1344 et
1258 1314 1372 1344 terra
1403 1304 1554 1361 impe—

228 1391 351 1431 rent;
380 1375 618 1434 persuadet
647 1375 840 1429 populo;
871 1373 917 1414 in
950 1378 1041 1425 ejus
1063 1373 1327 1414 sententiam
1349 1375 1556 1430 Psephis-

229 1466 303 1494 ma
332 1443 647 1506 perscribitur;
680 1448 866 1486 Senatus
895 1443 1091 1486 consulti
1122 1447 1243 1486 nulla
1275 1444 1387 1486 ratio
1418 1447 1555 1488 habe-

232 1535 317 1564 tur.
375 1517 510 1562 Aliud
540 1516 793 1570 exemplum
815 1526 954 1557 exstat
983 1517 1100 1571 apud
1119 1515 1553 1574 Demosthenem¹²):

233 1592 360 1636 Bello
410 1585 635 1636 Euboico,
684 1585 806 1641 quod
846 1596 997 1627 contra
1038 1586 1277 1628 Thebanos
1326 1598 1557 1643 gesserunt

232 1659 550 1707 Athenienses,
590 1666 822 1698 censuerat
852 1659 1062 1705 Senatus,
1101 1667 1152 1698 ut
1194 1657 1340 1700 omnis
1380 1658 1556 1715 equita..

233 1745 330 1785 tus,
361 1730 440 1787 qui
469 1730 612 1770 adhuc
642 1726 688 1767 in
712 1728 819 1767 urbe
848 1737 1138 1774 remanserat,
1174 1728 1360 1770 obsessis
1390 1731 1443 1771 ad
1474 1733 1556 1772 Ta·

235 1817 390 1857 mynas
421 1798 559 1856 copiis
592 1797 754 1839 auxilio
779 1796 1039 1840 mitteretur.
1098 1800 1279 1840 Senatus
1301 1803 1556 1844 consultum
1613 1815 1618 1820 ·
1671 1800 1702 1809 ''

234 1875 401 1933 populo
421 1868 702 1928 proponitur,
736 1880 928 1910 oratores
949 1871 1078 1910 verba
1107 1868 1291 1918 faciunt,
1325 1876 1416 1912 n'on
1443 1885 1556 1928 opus

237 1959 331 1988 esse
361 1941 564 1999 equitum
596 1937 785 1989 auxilio;
816 1943 976 1981 horum
1006 1940 1226 1982 sententia
1257 1943 1424 1998 populo
1454 1958 1553 1999 pro·

235 2019 390 2063 batum
431 2010 654 2055 omittitur
683 2010 932 2067 expeditio,
974 2022 1126 2053 contra
1157 2015 1341 2054 Senatus
1372 2015 1555 2055 consul-

238 2102 350 2132 tum.
408 2089 560 2142 Itaque
598 2084 741 2138 legem
778 2082 926 2131 illam,
971 2097 1102 2139 quam
1135 2083 1424 2126 Grammatici
1457 2100 1556 2127 me-

239 2171 438 2206 morant,
476 2154 829 2213 οἷπροβούλευτον,
871 2155 941 2196 vel
980 2153 1131 2210 potius
1169 2155 1268 2198 ἄνευ
1301 2156 1552 2212 προβουλεύ-

237 2235 425 2288 ματος’”)
455 2230 579 2283 μηδὲν
606 2227 804 2282 ψήφισμα
843 2229 1006 2270 εἰσιέναι
1037 2228 1079 2269 ἐν
1108 2232 1166 2280 τῷ
1199 2227 1336 2285 δήμῳ,
1379 2239 1473 2268 nou
1502 2225 1553 2268 id

210 2350 221 2356 '
288 2361 342 2400 ιι)
369 2355 518 2389 Hellen.
545 2355 628 2387 VII.
658 2366 687 2387 1.
725 2354 759 2397 §.
787 2365 805 2387 2
829 2372 873 2378 —
901 2364 953 2397 ¹4·
987 2351 1156 2386 Pertinet
1187 2352 1280 2386 haec
1312 2352 1479 2387 narratio
1504 2352 1552 2388 ad

239 2418 302 2453 01.
332 2428 405 2460 105.
437 2427 465 2448 1.
491 2434 536 2439 -——
560 2413 669 2447 Aliud
694 2413 905 2458 exemplum
938 2419 994 2446 est
1018 2425 1075 2457 ap.
1104 2412 1266 2447 eundem
1290 2413 1319 2447 Ι.
1346 2426 1378 2459 7.
1404 2415 1438 2458 §.
1465 2426 1487 2459 9
1511 2419 1553 2449 et

238 2479 273 2523 §.
299 2489 354 2523 37.
381 2474 444 2508 ubi
470 2475 514 2508 ab
541 2475 810 2519 Euryptolemo
846 2473 1071 2519 proponitur
1095 2473 1280 2509 sententia
1303 2473 1552 2510 Senatuscon-
1605 2478 1608 2479 ’

233 2539 331 2572 sulto
356 2536 466 2581 plane
505 2534 704 2569 contraria.

280 2608 336 2648 12)
365 2606 505 2639 Contra
520 2603 692 2637 Midiam.
719 2615 755 2649 p.
782 2603 860 2652 567.
887 2602 962 2638 Res
987 2598 1223 2650 pertineffld
1243 2602 1396 2648 Olymp.
1423 2611 1545 2648 1⁰53·

277 2676 334 2718 ³3)
361 2672 404 2708 ld
437 2672 539 2708 enim
572 2673 688 2707 cuivis
720 2675 959 2720 perspicuum
991 2680 1068 2717 est,
1102 2671 1186 2706 non'
1208 2672 1288 2718 ipsa
1310 2671 1405 2717 legis
1428 2672 1542 2707 verba
