1706 3058
1345 159 1403 188 XV

75 259 212 318 gisse,
242 271 302 300 ne
323 253 536 299 videlicet
563 256 733 298 urbano
745 253 852 299 'otio
882 252 1211 298 lascivirent'et
1231 254 1402 298 liberta-

75 331 134 374 tis
154 331 483 386 recuperandae
516 327 702 385 consilia
731 328 1016 386 agitarent*).

97 411 101 417 ’
162 403 248 444 Sed
272 399 463 457 expulsis
486 399 683 456 denique
701 398 904 453 tyrannis
931 401 1062 442 simul
1083 415 1186 445 cum
1199 403 1405 446 restituta

75 475 276 517 libertate
327 472 541 513 factiones
598 485 776 528 quoque
826 464 1166 516 ambitiosorum
1217 475 1406 526 civium,

73 548 272 601 Isagorae
313 554 357 584 et
399 542 667 596 Clisthenis,
716 542 1133 587 Alcmaeonidarum
1178 546 1405 603 principis,

73 614 394 672 rempublicam
433 617 610 657 turbare
642 626 902 670 coeperunt.
959 615 1208 660 Clisthenes
1240 631 1405 669 autem,

71 703 180 731 cum
222 685 432 728 factionis
477 700 580 728 suae
614 684 732 726 vires
782 686 1033 729 adversario
1077 688 1271 746 impares
1312 699 1410 733 ‘esse

71 760 275 807 videret,
331 755 476 812 plebis
538 755 846 812 patrocinium
906 759 1126 816 suscepit,
1185 764 1408 819 hujusque

71 829 266 881 auxilio,
322 838 424 884 p‘ost
472 830 614 870 multa
662 827 876 884 variaque
923 831 1189 882 certamina,
1256 836 1410 889 Isago-

71 918 167 945 ram
197 899 341 943 Attica
372 901 526 942 cedere
537 898 699 956 coegit.
760 903 893 942 Hunc
918 901 1220 943 restitutorem
1244 915 1289 946 et
1308 919 1412 959 per-

71 974 288 1015 sectorem
318 963 593 1026 reipublicae
625 986 648 1011 a
673 973 834 1013 Solone
864 971 1094 1013 institutae
1125 973 1260 1014 multi
1289 977 1410 1017 cele-

69 1040 199 1087 brant
212 1042 281 1100 **)
312 1041 510 1084 Maxime
536 1053 686 1083 autem
707 1041 839 1098 fregit
861 1042 1150 1097 patriciorum
1174 1059 1277 1101 opes
1297 1047 1409 1089 reci·

67 1108 246 1174 p'iendis
270 1113 319 1155 in
340 1111 572 1155 civitatem
593 1112 843 1170 peregrinis
865 1113 1097 1170 servisque
1117 1118 1271 1160 multis
1287 1121 1405 1172 ***),

69 1180 372 1241 mutandaque
397 1196 543 1226 vetere
568 1184 725 1242 populi
743 1184 789 1225 in
813 1196 1006 1242 quatuor
1027 1186 1168 1229 tribus
1193 1188 1409 1232 distribu-

68 1258 210 1302 tione.
269 1261 436 1300 Decem
459 1256 581 1298 enim
600 1256 739 1298 tribus
754 1287 764 1305 ,
799 1259 1019 1298 denorum
1043 1257 1236 1315 singulas
1260 1276 1407 1317 popu-

69 1331 240 1380 lerum,
271 1327 392 1381 (sive
423 1343 631 1386 graecum
660 1330 956 1374 vocabulum.
989 1327 1063 1370 cui
1092 1330 1284 1375 latinum
1315 1348 1408 1375 non

69 1402 176 1444 satis
217 1413 422 1444 accurate
465 1402 726 1457 respondet,
770 1400 960 1442 retinere
998 1400 1099 1457 quis
1131 1403 1276 1452 malit,
1325 1406 1407 1446 de·-

68 1481 297 1524 morum)‚
340 1473 595 1529 descripsit,
647 1485 696 1514 ut
735 1472 949 1529 permixti
990 1488 1094 1515 cum
1123 1475 1309 1530 plebejis
1343 1476 1407 1533 ig-

68 1543 189 1585 notis
216 1544 304 1585 sibi
323 1557 476 1599 antea,
509 1556 554 1586 et
575 1560 680 1586 cum
699 1543 994 1599 adscripticiis
1018 1543 1192 1586 civibus
1215 1547 1406 1601 patricii,

71 1613 301 1657 dissolutis
345 1613 561 1671 pristinae
600 1614 938 1656 consuetudinis
992 1626 1033 1656 et
1070 1617 1406 1668 conjunctionis

69 1684 292 1734 vinculis,
324 1684 476 1726 minus
499 1685 767 1726 auctoritate
791 1697 835 1726 et
856 1685 1265 1728 necessitudinibus
1290 1691 1406 1745 apud

112 1804 148 1846 2)
174 1804 358 1836 Auctores
386 1801 508 1835 omnis
545 1801 592 1835 de
617 1801 810 1836 Pisistrato
840 1802 1007 1848 filiisque
1036 1801 1221 1838 historiae
1243 1805 1316 1840 vid.
1343 1819 1403 1853 ap.

160 1863 306 1898 Meurs.
338 1862 506 1904 Pisistr.‚
533 1864 637 1906 cujus
665 1863 755 1897 libri
783 1864 944 1897 maxime
972 1863 1046 1897 huc
1068 1865 1265 1908 pertinent
1292 1879 1401 1912 capp.

160 1934 184 1969 3
200 1944 246 1950 --
266 1935 301 1970 7.
319 1942 366 1950 -·
400 1925 583 1957 Ceterum
598 1923 693 1957 illud
724 1924 863 1958 civium
879 1925 975 1958 urbe
1003 1925 1258 1960 arcendorum
1279 1929 1406 1961 consi·

162 1984 259 2018 lium
277 1985 342 2018 alii
362 1996 513 2030 quoque
531 1985 681 2029 tyranni
702 1985 820 2018 secuti
837 1991 923 2018 sunt·
936 2010 945 2027 ,
972 1991 1014 2018 ut
1031 1985 1238 2020 Periander
1268 1988 1401 2022 Corin—

159 2044 283 2086 thius,
309 2058 343 2079 v.
366 2045 484 2080 Periz.
509 2046 565 2080 ad.
586 2046 730 2079 Aelian.
763 2047 829 2080 IX.
859 2058 914 2090 25.
942 2052 980 2080 et
1007 2046 1239 2091 trigintaviri
1262 2048 1399 2084 Athen.

162 2118 197 2140 v.
216 2105 385 2150 Xenoph.
418 2106 568 2140 Hellen.
607 2108 708 2151 11.4.
735 2119 763 2141 1.

115 2181 170 2226 **)
197 2183 352 2217 Isocrat.
372 2183 555 2228 Areopag.
576 2194 612 2228 p.
633 2189 711 2228 538.
731 2184 788 2218 ed.
817 2184 920 2218 Hier.
946 2185 1063 2219 Wolf.
1094 2197 1126 2219 a.
1154 2196 1252 2233 ¹57¹·
1269 2207 1318 2213 —
1341 2188 1398 2222 Id.

163 2241 211 2277 de
225 2243 342 2288 Bigis.
363 2254 399 2288 p.
421 2248 500 2288 838.
525 2244 708 2278 Herodot.
739 2247 802 2280 VI.
827 2259 900 2292 ²51·
928 2247 1117 2282 Plutarch.
1138 2249 1290 2283 Aristid.
1311 2262 1342 2283 c.
1366 2262 1398 2284 2.

117 2317 192 2362 ***)
208 2319 361 2353 Aristot.
385 2319 497 2353 Polit.
523 2321 593 2354 111.
617 2332 648 2355 c.
673 2334 703 2356 2.
721 2322 1171 2368 Κλεισθέιής-πολλοῦς
1190 2322 1402 2368 ἐφυλέτευσε

162 2378 284 2421 ξένους
302 2384 363 2415 καὶ
382 2377 530 2417 δούλους
549 2386 609 2416 καὶ
626 2386 828 2427 μετοίκους.
864 2386 921 2418 Ita
950 2384 1193 2418 scribendum
1222 2396 1290 2429 pro
1322 2384 1403 2418 vul-

165 2445 252 2484 gato
275 2437 422 2478 δούλους
443 2456 522 2486 μετ.
539 2454 626 2476 cum
647 2444 803 2485 Wolfio,
838 2445 951 2478 Proll.
985 2445 1043 2479 ad.
1074 2445 1271 2479 Demosth.
1304 2447 1402 2489 Lep-

164 2498 231 2533 tin.
256 2511 295 2545 p.
316 2501 446 2535 LXIX.
497 2502 620 2538 δοῦλοι
642 2505 743 2539 enim
758 2509 925 2551 μέτοικοι
941 2518 1024 2540 esse
1041 2518 1118 2540 non
1137 2512 1306 2552 possunt,
1328 2505 1402 2538 nisi

166 2569 231 2592 eos
259 2559 296 2594 h.
318 2561 343 2595 l.
371 2562 569 2597 libertinos
599 2576 679 2599 esse
714 2567 834 2609 dicas,
862 2579 973 2613 quam
999 2567 1315 2613 significationem
1342 2564 1400 2598 illi

163 2621 346 2656 vocabulo
367 2623 596 2670 Chrysippus
615 2621 770 2671 quidem'
788 2627 924 2662 tribuit
942 2628 1039 2673 apud
1061 2628 1308 2670 Athenaeum,
1333 2626 1397 2676 Vl.

166 2694 199 2719 c.
224 2694 280 2729 93.
304 2695 342 2730 p.
371 2685 447 2732 267.
474 2685 509 2720 b.
538 2692 577 2722 at
591 2697 670 2722 non
685 2688 849 2733 vulgaris
868 2700 954 2724 usus
981 2688 1172 2736 loquendi.
