1706 3058
1399 147 1453 186 41.

118 253 371 309 τανευοῦσης
392 255 696 306 Πανδιονίδος,
729 255 1006 309 Δημοσθένης
1032 255 1460 312 Δημοσθένους,Παι«

112 326 260 376 ἀνιεῦς
289 325 481 383 εἴπενω).
549 326 636 368 Hic
675 327 798 368 locus
838 340 957 367 unus
997 340 1049 366 ex
1080 324 1291 366 omnibus
1330 335 1459 380 aptus

119 398 239 440 foret
267 399 322 439 ad
352 399 627 454 probandam
666 396 815 440 Petiti
847 397 1136 450 sententiam,
1174 396 1459 454 trigesimum

120 469 354 526 prytaniae
373 468 496 512 diem
516 467 792 512 comitialem
820 483 927 516 esse,
959 468 996 510 si
1021 468 1070 508 in
1090 466 1355 511 Calendario
1375 482 1457 509 suo

122 542 559 583 Hecatombaeonem
580 555 780 582 mensem
804 539 1025 590 solidum,
1052 552 1102 581 ut
1120 555 1199 597 par
1218 550 1331 587 erat,
1364 553 1458 589 non

120 627 279 656 cavum
295 611 488 658 fecisset.
520 611 802 668 'frigesimus
813 611 936 653 enim
948 610 1352 654 Hecatombaeonis
1366 610 1464 652 dies

120 698 225 727 cum
253 683 480 740 trigesimo
505 685 677 741 primae
705 683 939 739 prytaniae
955 683 1204 725 necessarie
1237 681 1466 740 congruit.

119 755 392 804 At·Petitus‚
422 756 864 798 Hecatombaeon-em
896 769 1061 797 cavum
1089 770 1181 798 esse
1207 757 1460 804 arbitratus,

119 827 406 884 trigesimum
433 826 604 883 primae
630 825 1008 882 p1ytaniae·diem
1035 827 1085 867 in
1114 825 1461 884 Metagitnionis

120 900 321 957 primum
362 900 635 944 contulerat;
685 898 854 954 itaque,
902 913 960 951 ne
997 900 1179 939 nullum
1221 908 1368 938 tamen
1409 912 1464 938 ex
1498 905 1500 910 '

119 974 208 1013 hoc
247 969 552 1026 psephismate
585 970 783 1010 fructum
827 981 1027 1024 caperet,
1069 970 1198 1011 aliam
1238 970 1464 1024 quandam

121 1041 346 1085 rationem
378 1038 666 1096 excogitavit,
699 1053 787 1095 qua
819 1036 866 1083 {e
896 1039 1140 1096 expediret.
1199 1040 1464 1096 Psephisma

120 1113 233 1156 illud
251 1115 437 1155 Senatus
469 1112 734 1153 consultum
764 1114 857 1152 esse
889 1113 1140 1160 contendit,
1171 1112 1387 1168 postridie
1408 1113 1467 1154 ad

121 1186 339 1243 populum
378 1182 637 1233 ferendum3
679 1184 757 1226 sed
786 1184 910 1224 unde
941 1181 989 1224 id
1020 1183 1273 1241 collegerit,
1313 1183 1465 1226 dicere

121 1255 396 1314 supersedit,
460 1269 605 1310 neque
664 1269 746 1311 ego
806 1254 1038 1310 probabile
1104 1269 1219 1302 esse*
1261 1256 1464 1312 arbitror,

121 1339 368 1379 oratorenu
437 1328 643 1383 neglecto
701 1325 967 1382 plebiscito,
1037 1330 1227 1369 Senatus
1277 1330 1465 1369 consul-

124 1412 224 1442 tum
274 1398 428 1457 potius
487 1396 720 1448 recitasse,
782 1399 905 1455 quod
956 1399 1124 1454 absque
1174 1398 1333 1455 populi
1385 1414 1468 1441 au·-

122 1471 331 1515 ctoritate
361 1468 541 1511 irritum
573 1480 753 1512 erat.-—-
797 1473 1010 1514 Ceterum
1041 1482 1235 1519 norunt,
1277 1471 1355 1527 qui
1381 1475 1469 1513 De·

122 1544 407 1584 mosthenem
451 1552 494 1582 et
533 1539 799 1584 Aeschinem
831 1543 1061 1598 legerunt,
1103 1556 1237 1596 quam
1278 1544 1468 1586 obscura

124 1613 182 1654 sit
203 1624 246 1654 et
274 1611 604 1668 inexplicabilis
634 1611 682 1653 in
713 1612 790 1654 illo
822 1611 1122 1669 psephismate
1155 1613 1369 1669 temporis
1401 1630 1469 1657 ra-

123 1684 204 1728 tio.
262 1686 539 1738 Nam-quae,
580 1698 632 1724 ex
670 1686 833 1724 horum
873 1692 1101 1724 oratorum
1131 1684 1464 1729 narrationibus

123 1755 293 1812 optime
319 1754 441 1796 inter
467 1768 515 1794 se
547 1753 925 1809 congruentibus,
951 1754 1072 1795 inter
1098 1755 1467 1810 Elaphebolionie

125 1826 353 1869 decimum
386 1839 561 1870 nonum
594 1836 638 1866 et
668 1825 938 1882 vigesimum
962 1837 1172 1881 quartum
1205 1827 1325 1870 diem
1346 1842 1468 1886 gesta

124 1912 218 1941 esse
258 1907 464 1953 apparet,
506 1910 556 1937 ea
595 1895 644 1938 in
681 1899 771 1939 hoc
801 1896 1104 1954 psephismate
1135 1901 1191 1940 ad
1220 1901 1469 1943 Hecatom-

121 1967 310 2012 baeonis
342 1966 625 2024 trigesimum
655 1969 986 2026 referuntur20).
1028 1972 1330 2026 Quamobrem
1360 1974 1468 2015 Cor-

123 2040 269 2084 sinius
299 2051 564 2096 corruptum
586 2054 680 2083 esse
700 2041 852 2082 locum
878 2040 1193 2096 pronuntians,
1223 2058 1304 2099 pro
1339 2043 1468 2090 Ἕκα-

175 2216 231 2277 Δ19)
258 2232 319 2266 De
347 2230 485 2265 Coron.
521 2241 557 2276 p.
593 2240 671 2276 235.
698 2231 744 2266 R.

173 2324 233 2366 πο)
266 2322 430 2357 Uberius
455 2323 549 2356 haec
574 2324 702 2358 omnia
719 2336 742 2359 a.
766 2323 962 2368 Cor-sinin,
987 2326 1025 2359 P.
1053 2326 1094 2361 A.
1121 2327 1283 2362 Dissert.
1311 2329 1381 2363 ΠΙ.
1413 2341 1466 2375 137.

127 2384 175 2418 cf.
202 2385 253 2418 II.
281 2393 332 2428 15.
360 2377 406 2423 et,
423 2385 588 2429 Tayloro
621 2386 668 2419 ad
701 2386 901 2428 Demosth.
944 2385 990 2420 de
1017 2387 1102 2421 Cor.
1128 2399 1165 2433 p.
1193 2399 1270 2433 255·
1302 2381 1494 2435 exposita·

125 2450 228 2488 sunt,
262 2443 308 2478 ad
342 2455 437 2490 quos
472 2456 573 2478 nunc
610 2445 762 2491 quidem
785 2446 910 2487 lector
935 2447 1195 2482 amandandus
1221 2457 1302 2491 est;
1338 2462 1468 2496 quam-

127 2515 242 2550 quam
267 2504 430 2548 sufficit,
467 2506 546 2551 ipsa
581 2505 776 2540 Aeschinis
810 2518 855 2541 ac
885 2508 1156 2544 Demosthenis
1181 2511 1264 2544 loca
1288 2510 1470 2555 indicare,

128 2565 262 2612 quihus
289 2566 410 2599 omnis
435 2565 529 2600 haec
571 2565 774 2611 disputatio
806 2569 1036 2601 continetur.
1085 2570 1218 2605 Aesch.
1260 2571 1340 2605 adv.
1379 2575 1472 2606 (ite-

125 2627 221 2671 siph.
258 2638 293 2669 p.
326 2635 407 2671 455.
442 2627 523 2672 456.
558 2631 640 2670 458.
676 2625 724 2662 de
755 2626 840 2664 fals.
878 2627 950 2675 leg.
979 2639 1057 2676 259.
1086 2631 1393 2672 255.-Deinosth.
1423 2632 1470 2668 de

127 2688 203 2733 ¹es·
231 2697 313 2732 559·
