1706 3058
1360 179 1422 224 51

101 287 193 331 tior
215 284 447 329 sententia.
499 287 593 328 lam
615 283 724 342 quid
743 283 807 327 rei
832 284 915 342 ipsi
938 298 988 327 ac
1006 284 1171 328 rationi
1197 297 1424 332 consenta-

99 374 235 402 neum
259 357 332 411 sit,
368 356 628 398 videndum.
690 361 835 400 Nemo
877 369 1024 400 autem
1062 357 1156 399 non
1194 358 1422 416 intelligit,

100 444 235 486 quam
257 443 413 484 parum
435 427 527 469 veri
550 428 700 469 simile
728 427 809 475 sit,
843 428 979 470 fuisse
1011 445 1033 470 a
1062 428 1310 486 legislatore
1337 431 1426 472 sin·

97 499 215 558 gulis
237 497 453 555 prytaniis
474 497 669 554 singulas
692 499 899 542 ecclesias
934 501 1216 556 supplicibus
1231 533 1242 549 ,
1274 500 1423 558 singu-

95 572 159 612 las
191 570 343 626 legatis
376 569 832 624 caduceatoribusque
866 570 1102 612 audiendis
1129 574 1424 627 constitutas3

97 641 206 698 quid
232 641 355 681 enim
374 639 522 681 minus
546 639 768 696 expectari
799 651 998 696 poterat,
1033 656 1168 697 quam
1191 644 1324 686 toties
1357 646 1424 687 fu·

94 723 218 753 turos
243 727 350 764 esse,
382 711 460 766 qui
489 710 708 766 supplices
735 713 958 766 populum
981 713 1127 761 adire,
1162 727 1238 756 aut
1257 718 1424 772 legatos

93 785 518 838 caduceator-esque,
553 781 758 839 quicum
793 785 958 838 populo
987 800 1113 841 agere
1136 787 1339 829 vellent?
1372 787 1425 828 lcl

92 869 151 896 ne
171 853 375 897 Cimonis
398 853 581 909 quidem
606 864 683 894 aut
709 853 895 894 Periclis
930 867 1092 905 aetate,
1124 871 1228 898 cum
1257 856 1424 897 mirum

93 925 142 966 in
163 927 341 967 modum
366 939 468 977 opes
491 936 623 980 atque
646 923 887 980 imperium
902 927 1241 968 Atheniensium
1261 928 1422 969 crevis-

93 1008 214 1045 sent,
254 1007 346 1037 tam
380 1010 509 1050 saepe
551 995 729 1036 evenire
764 995 965 1051 potuisse
1003 997 1209 1046 videtur;
1251 1001 1422 1042 nedum

91 1081 192 1108 ante
225 1067 339 1108 illud
370 1077 583 1123 tempus„
602 1065 846 1108 rarioribus
888 1082 991 1109 cum
1033 1068 1131 1110 aliis
1161 1069 1423 1113 civitatibus

91 1135 399 1186 commerciis,
433 1139 631 1179 necdum
662 1149 788 1194 parto
818 1138 952 1181 maris
989 1138 1194 1195 imperio.
1258 1143 1423 1197 Quam-

92 1211 247 1251 obrem
273 1212 355 1251 hoc
382 1208 662 1264 probabilius
684 1209 873 1257 videtur,
908 1210 1044 1252 fnisse
1062 1210 1200 1254 initio
1224 1212 1422 1268 singulas

92 1280 322 1327 ecclesias.
356 1280 489 1321 certis
520 1280 797 1336 singularum
827 1283 1129 1334 prytaniarum
1162 1284 1320 1327 diebus
1349 1289 1423 1327 ha·

90 1353 281 1404 bendas,
315 1366 336 1392 a
364 1354 530 1394 Solone
553 1351 842 1400 constitutas,
877 1367 1035 1408 easque
1061 1367 1246 1410 propter
1274 1355 1321 1396 id
1355 1356 1422 1412 ip-

89 1434 191 1465 sum
213 1427 357 1480 κυρίας
379 1422 517 1466 dictas
541 1427 735 1475 essem).
795 1428 853 1465 Et
883 1439 1008 1479 sane,
1041 1441 1153 1481 quae
1182 1429 1340 1467 Pollux
1372 1427 1422 1468 in

89 1499 214 1552 κυρίᾳ
234 1498 425 1553 ἐκκλησίᾳ
446 1507 628 1536 tractata
648 1509 740 1535 esse
762 1494 893 1542 dicit,
929 1511 975 1536 ea
998 1497 1148 1537 omnia
1173 1509 1276 1538 sunt
1306 1502 1420 1549 ejus·

90 1565 241 1613 modi,
277 1581 390 1621 quae
415 1564 601 1619 singulis
627 1564 844 1618 prytaniis
881 1566 1070 1607 deficere
1101 1582 1190 1607 non
1222 1581 1416 1622 possent.

92 1638 176 1678 Sed
193 1636 230 1677 si
255 1651 366 1692 qnae
384 1649 450 1675 res
468 1645 693 1689 praeterea
715 1634 992 1684 accidissent,
1022 1639 1075 1677 de
1097 1639 1259 1692 quibus
1279 1654 1419 1694 popu-

89 1709 184 1748 lum
209 1705 385 1748 consuli
413 1715 654 1757 oporteret,
689 1719 892 1761 quaeque
919 1705 1086 1746 differri
1111 1722 1201 1748 non
1223 1723 1422 1764 possent,

89 1777 359 1820 concionem
392 1787 511 1818 extra
546 1775 751 1816 ordinem
779 1789 1075 1818 convocatam
1109 1794 1217 1824 esse.
1280 1785 1417 1824 Aucta

88 1861 238 1891 autem
274 1847 501 1904 republica
541 1846 945 1903 multiplicatisque
985 1851 1203 1905 negotiis,
1257 1856 1418 1898 harum

89 1935 272 1977 quoque
293 1919 590 1965 concionum,
626 1933 739 1974 quae
765 1931 939 1975 praeter
977 1925 1125 1978 κυρίαν
1161 1921 1283 1965 illam
1314 1940 1419 1967 con·

89 2002 382 2040 vocarentur,
427 1990 631 2032 ordinem
672 2005 722 2031 ac
750 1993 939 2032 modum
974 1992 1150 2049 legibus
1178 1995 1419 2040 definitum

91 2076 197 2110 esse,
219 2077 352 2118 quem
370 2061 567 2104 Pollucis
591 2061 737 2102 verbis
760 2076 890 2118 supra
911 2063 1141 2120 adscripsi,
1167 2064 1227 2106 ita
1254 2078 1416 2117 tamen,

90 2144 144 2174 ut
172 2139 317 2189 κυρίας
355 2147 522 2174 nomen
563 2131 631 2173 illi
671 2133 751 2173 uni
793 2134 1027 2190 proprium
1069 2137 1418 2193 relinqueretur.

91 2205 374 2261 Quamquam
398 2204 508 2246 illud
530 2204 711 2261 quidem
737 2220 829 2247 non
851 2217 1017 2247 temere
1038 2206 1277 2264 quisquam
1301 2211 1417 2251 affir-

88 2291 210 2317 mare
229 2276 370 2325 ausit,
405 2289 446 2318 et
471 2287 701 2332 quaternas
725 2279 844 2319 haud
864 2277 1015 2319 minus
1037 2280 1239 2321 ecclesias
1266 2295 1414 2322 neces-

89 2347 205 2390 sario
224 2363 396 2404 semper
416 2349 659 2396 habendas,
695 2361 736 2389 et
759 2349 884 2389 illum
913 2365 1061 2391 rerum
1086 2354 1416 2394 tractandarum

92 2420 292 2460 ordinem
321 2421 383 2461 ita
414 2421 554 2461 fixum
591 2430 634 2460 et
665 2418 995 2463 immutabilem
1028 2422 1189 2473 fuisse,
1224 2437 1273 2466 ut
1311 2442 1415 2467 eum

142 2527 197 2572 13)
218 2527 360 2561 Falsam
376 2526 478 2560 enim
493 2538 575 2560 esse
591 2527 697 2562 illam
713 2528 875 2562 nominis
894 2529 1178 2577 derivationem,
1200 2547 1313 2581 quam
1331 2538 1411 2570 An·-

90 2589 282 2634 stophanis
301 2591 484 2632 interpres
503 2588 642 2633 aliique
660 2589 833 2623 nonnulli
851 2601 1080 2636 proponunt,
1103 2595 1206 2640 παραὶ
1220 2596 1263 2632 τό
1282 2596 1414 2641 κυροῦν

89 2647 138 2684 τοὶ
154 2651 394 2694 ψηφίσματα,
429 2650 486 2683 vix
516 2661 606 2694 opus
628 2656 685 2683 est
712 2650 894 2687 adnotari.
927 2653 975 2689 cf.
1002 2655 1130 2702 Biagi,
1165 2656 1211 2692 de
1237 2658 1410 2692 Decretis

89 2709 386 2744 Atheniensium.
405 2721 437 2744 c.
456 2711 527 2744 111.
546 2711 579 2755 ἕ.
614 2722 666 2755 ²4-
