1706 3058
249 70 329 114 512

250 188 342 220 erat
371 177 689 234 interrogatio:
722 181 821 224 εἰτὸ
840 180 990 234 τίμημά
1017 183 1122 224 ἐστιν
1141 180 1363 236 navatem).
1422 183 1572 227 Etiam

251 248 358 291 Isaei
389 247 571 291 oratoris
603 259 799 305 tempore
843 250 976 291 fuisse
1007 262 1183 307 oportet
1213 253 1450 295 nonnullos
1481 269 1573 296 ma-

251 318 481 375 gistratus,
524 320 576 360 ad
607 334 717 376 quos
747 319 1053 377 adipiscendos
1086 334 1288 379 equester
1318 338 1474 366 census
1503 340 1575 366 re-

253 389 518 445 quireretur.
581 389 864 447 vituperatur
895 390 1016 434 enim
1055 394 1173 449 apud
1213 395 1435 450 Pronapes
1473 394 1576 451 qui-

255 462 377 508 dam,
422 462 567 518 quod,
609 475 712 504 cum
743 462 791 503 in
825 477 960 504 censu
989 465 1232 519 paullulum
1265 463 1477 519 quiddam
1508 464 1576 506 rei

254 531 475 583 professus
515 544 649 582 esset,
689 543 836 574 tamen
869 533 922 584 ὥς
952 535 1106 578 ἱππάδα
1135 538 1259 579 τελῶν
1292 535 1426 591 ἄρχειν
1455 535 1575 590 ἠξίου

252 601 322 652 τὰς
352 601 547 660 ἄρχάς”).
617 603 707 661 Qui
747 605 917 647 fuerint
946 604 1023 646 isti
1054 604 1358 661 magistratus,
1399 621 1492 648 non
1521 606 1577 647 li-

305 767 361 808 10)
389 766 485 808 Sed,
509 767 680 812 inquies,
715 767 899 802 obsolevit
923 768 1017 802 illud
1041 768 1257 803 institutum
1281 775 1319 803 et
1341 769 1577 815 antiquatum

252 833 312 861 est
337 827 426 861 inde
448 829 493 862 ab
519 829 690 862 Aristidis
714 836 897 874 tempore.
948 831 1081 875 Neque
1114 840 1184 873 ego
1214 829 1309 863 illud
1342 830 1579 864 confidenter

254 898 396 932 negare
420 888 553 922 audeo.
602 889 746 924 Mirum
771 896 896 924 tamen
920 889 1042 924 videri
1065 889 1161 923 mihi
1184 889 1300 932 solet,
1334 891 1389 924 rei
1411 897 1491 925 tam
1513 890 1578 926 diu

257 948 462 991 obsoletae,
489 951 593 992 cujus
618 956 696 983 tam
722 951 836 995 longo
861 957 1036 996 tempore
1060 951 1184 984 nullus
1209 951 1320 995 plane
1345 962 1432 984 usus
1455 950 1495 984 in
1520 962 1580 985 re-

252 1003 405 1052 publica
439 1009 591 1052 fuisset‚
625 1016 754 1044 tamen
785 1017 864 1045 tam
888 1017 1062 1045 accurate
1086 1025 1106 1047 a
1132 1012 1306 1054 Polluce,
1342 1017 1406 1045 aut
1428 1012 1474 1046 ab
1499 1010 1581 1045 Ari-

255 1069 394 1102 stotele
418 1070 564 1114 potius,
590 1082 702 1115 quem
727 1071 794 1105 ille
819 1071 1033 1116 exscripsit,
1060 1073 1295 1106 mentionem
1319 1071 1456 1105 factam
1481 1082 1577 1106 esse.

252 1129 362 1172 Apud
386 1130 535 1174 Lysiam
560 1131 711 1176 quidem
737 1134 791 1174 (π.
829 1145 861 1165 τ.
887 1130 985 1167 adv-v.
1020 1144 1056 1177 p.
1087 1134 1161 1178 169.
1190 1134 1247 1176 24)
1282 1133 1394 1166 homo
1428 1130 1582 1177 quidam

254 1187 370 1222 debili
396 1196 433 1223 et
457 1192 591 1225 mutilo
617 1204 799 1237 corpore,
834 1192 985 1236 opificio
1016 1199 1172 1227 tenuem
1205 1194 1347 1227 victum
1379 1203 1579 1238 quaerens,

254 1254 335 1282 tam
360 1261 524 1296 pauper,
551 1259 590 1286 ut
615 1254 751 1297 stipem
775 1252 819 1285 de
843 1252 993 1296 publico
1019 1253 1201 1297 accipiat,
1228 1259 1354 1287 tamen
1379 1263 1441 1294 se,
1467 1252 1496 1285 si
1523 1252 1580 1286 in-

255 1314 365 1353 tegro
392 1322 551 1354 corpore
576 1319 695 1355 esset,
731 1311 959 1346 Archontem
993 1312 1077 1345 fieri
1107 1313 1272 1356 potuisse
1298 1312 1398 1347 dicit.
1447 1314 1582 1358 Neque

255 1379 302 1401 eo
329 1369 446 1413 igitur
470 1377 643 1416 tempore
659 1372 698 1406 in
713 1372 964 1406 Archontibus
976 1371 1176 1406 sortiendis
1196 1384 1329 1407 census
1343 1373 1439 1408 ratio
1454 1372 1581 1408 hahita

254 1434 323 1462 est.
374 1430 510 1465 Habita
533 1439 657 1467 autem
684 1439 740 1466 est
764 1445 808 1467 ea
835 1433 954 1467 oratio
979 1439 1064 1476 post
1088 1434 1296 1468 Euclidem.
1324 1433 1398 1467 vid.
1426 1445 1461 1479 p.
1499 1444 1579 1480 170,

255 1503 311 1535 29.
365 1491 464 1536 Quid
497 1492 632 1537 igitur,
666 1493 697 1526 si
729 1493 817 1528 inde
850 1494 895 1527 ab
929 1492 1089 1528 Euclide
1123 1493 1314 1527 Archonte
1342 1495 1421 1539 (Ol.
1447 1506 1502 1541 94.
1531 1495 1581 1546 ᾳ.)
1617 1533 1626 1540 ἱ

255 1551 420 1586 desitum
451 1553 546 1587 illud
583 1565 664 1588 esse
699 1555 864 1588 statuas?
911 1566 996 1588 cum
1030 1553 1255 1598 praesertim
1289 1555 1361 1589 alia
1393 1554 1585 1599 permulta

256 1614 392 1648 eodem
422 1622 593 1660 tempore
628 1615 667 1648 in
700 1615 847 1659 republ.
882 1621 1016 1648 novata
1049 1625 1131 1648 esse
1156 1622 1314 1650 constet.
1367 1616 1502 1661 Neque
1527 1620 1584 1649 ta-

255 1685 344 1708 men
378 1682 579 1720 propterea
614 1676 654 1709 in
687 1676 752 1709 illa
783 1672 990 1718 ἀνακρίσει,
1032 1676 1180 1709 etiamsi
1211 1683 1295 1721 post
1318 1675 1520 1709 Aristidem
1544 1675 1584 1710 in

253 1745 326 1768 usu
357 1735 450 1777 fuit,
492 1734 538 1772 τό
567 1736 641 1771 τῶν
672 1733 1081 1780 πεντακοσιομεδίμνων
1111 1739 1256 1781 τίμημα
1288 1735 1584 1780 intelligendum

256 1802 326 1828 est.
377 1795 558 1830 Thetibus
584 1807 734 1842 quoque
759 1806 946 1828 summum
970 1796 1231 1840 magistratum
1251 1797 1296 1830 ab
1315 1797 1478 1830 Aristide
1496 1808 1584 1830 con-

258 1868 406 1889 cessum
440 1857 576 1898 credo;
610 1856 676 1890 sed
709 1867 786 1889 non
821 1855 991 1889 omnibus
1027 1857 1253 1900 promiscue.
1312 1859 1446 1903 Neque
1480 1857 1584 1892 enim

259 1929 390 1951 omnes
426 1918 567 1951 Thetes
600 1916 747 1949 nullum
780 1927 936 1949 censum
961 1915 1124 1959 habent,
1159 1917 1226 1950 sed
1250 1917 1516 1962 complectitur
1539 1928 1585 1952 ea
1625 1917 1630 1928 ’

258 1979 387 2012 classis
413 1978 529 2012 etiam
553 1988 618 2010 eos
632 1987 775 2018 omnes,
802 1976 865 2021 qui
890 1976 1014 2010 minus
1043 1988 1106 2021 ¹50
1131 1984 1193 2011 aut
1211 1990 1277 2013 200
1301 1978 1583 2013 medimnorum

260 2050 304 2072 ex
338 2038 462 2073 fundis
498 2037 662 2082 capiunt.
721 2036 933 2071 Definitum
965 2037 1081 2082 igitur
1123 2044 1202 2071 erat
1240 2041 1383 2083 τίμημα
1418 2037 1583 2084 aliquod,

257 2099 358 2132 infru
393 2101 585 2145 ζει-γῖσιον,
621 2097 719 2143 quod
754 2098 817 2143 qui
851 2097 1056 2140 haberent,
1090 2098 1135 2131 iis
1160 2099 1278 2132 aditus
1304 2098 1483 2133 adinum
1505 2096 1582 2132 rna-

258 2160 456 2205 gistratum
482 2158 586 2193 datus
613 2164 713 2198 erat;
742 2158 805 2203 qui
829 2165 956 2192 autem
982 2159 1105 2192 minus
1130 2159 1384 2204 possiderent,
1411 2159 1582 2193 exclude-

259 2220 420 2260 bantur,
448 2231 497 2253 ne
521 2219 658 2252 summi
682 2219 835 2252 honoris
858 2221 1031 2261 majestas
1057 2220 1170 2264 egeni
1197 2219 1356 2262 cujusvis
1382 2226 1422 2254 et
1444 2219 1584 2254 sordidi

258 2279 423 2313 hominis
460 2280 683 2325 contagione
717 2279 960 2324 pollueretur.
997 2300 1042 2307 --
1089 2281 1194 2314 Hanc
1229 2281 1484 2322 conjecturam
1507 2291 1584 2315 non

258 2339 389 2373 dubito
415 2340 498 2374 fore
523 2341 585 2386 qui
611 2340 724 2374 nimis
755 2341 913 2374 liberam
947 2347 984 2374 et
1018 2340 1198 2374 audacem
1230 2346 1428 2385 reputent,
1461 2351 1585 2387 neque

259 2407 388 2434 tamen
424 2401 732 2446 supprimendam
765 2413 849 2436 eam
886 2411 968 2436 esse
1002 2400 1100 2436 duxi.
1159 2400 1217 2435 Cf.
1254 2411 1348 2446 quae
1372 2400 1584 2435 Boeckhius

259 2460 444 2506 disputat,
482 2463 532 2495 11.
559 2473 594 2506 p.
622 2473 677 2506 43.
705 2473 758 2507 sq.

309 2545 365 2586 ιι)
392 2546 540 2589 isaeus,
566 2545 613 2580 de
637 2546 806 2591 Apollod.
833 2545 962 2582 hered.
981 2559 1017 2592 p.
1045 2547 1099 2594 67.
1120 2557 1176 2592 52.
1225 2546 1285 2581 De
1305 2547 1486 2591 Pronape,
1506 2544 1581 2579 vid.

256 2605 308 2640 ib.
342 2605 397 2649 65.
433 2617 482 2652 ¹7-
