1706 3058
266 161 340 202 ,1:26

340 269 425 308 Sed
458 267 632 308 illarum
663 279 823 312 rerum.
858 281 970 323 quae
1002 271 1054 310 ad
1087 283 1305 311 summam
1339 273 1575 329 rempubli-

253 353 349 381 cam
368 337 607 394 pertinent,
641 335 722 378 triu
754 351 912 393 genera
943 342 995 382 ab
1016 340 1246 384 Aristotele
1277 341 1575 387 definiuntur:

255 413 440 457 bellum,
474 424 571 464 pax,
606 409 794 458 foedera,
825 409 1086 459 societatem
1118 413 1235 466 leges
1267 413 1471 455 ferendae
1501 425 1578 457 aut

252 482 550 537 abrogandae;
582 477 746 531 judicia
770 483 1008 522 exercenda
1029 484 1082 523 de
1104 482 1244 538 capite
1266 483 1449 533 civium,
1483 484 1514 526 i.
1536 500 1576 531 e.

252 556 306 595 de
337 563 480 593 morte
511 563 588 593 aut
618 549 795 602 exsilio,
836 561 880 592 et
912 553 966 593 de
996 555 1218 595 bonorum
1251 555 1576 610 publicatione·

254 623 449 679 denique
482 625 536 664 de
568 622 812 664 rationibus
844 636 867 662 a
908 623 1238 678 magistratibus
1269 625 1575 681 repetendis²).

252 697 339 738 Sed
369 706 475 736 sunt
505 705 727 750 praeterea
759 679 866 734 aliae
907 709 1084 749 quoque
1115 710 1204 743 res,
1245 710 1357 750 quae
1395 695 1576 737 Athenis

250 766 436 824 quidem
465 781 558 807 non
590 765 740 807 minus
773 779 906 821 quam
938 764 1038 806 illae
1060 779 1082 805 a
1104 767 1272 820 populo
1297 765 1344 806 in
1377 766 1576 808 comitiis

252 836 552 878 administrari
585 839 808 885 solebant,
846 838 970 877 velut
1001 835 1275 878 tributorum
1307 847 1350 878 et
1380 836 1578 893 vectiga-

251 907 363 949 lium
385 906 766 964 imponendorum
795 908 1270 963 expendendarumque
1291 907 1575 964 publicarum

248 979 543 1034 pecuniarum
577 979 713 1027 ratio,
746 979 940 1036 praemia
972 977 1147 1020 civibus
1181 989 1255 1018 aut
1287 978 1419 1018 etiam
1452 993 1574 1034 pere·

247 1048 388 1105 grinis
419 1052 534 1090 bene
574 1053 628 1092 de
666 1051 893 1106 republica
936 1049 1107 1091 meritis
1141 1050 1441 1097 decernenda,
1485 1062 1572 1104 quo

247 1119 445 1175 pertinet
465 1119 597 1162 etiam
628 1121 819 1162 civitatis
848 1126 916 1173 jus
933 1119 1177 1176 peregrinis
1203 1119 1572 1175 impertiendum,

249 1191 463 1232 festorum
495 1206 674 1249 quoque
706 1206 1028 1248 nonnunquam
1062 1203 1106 1232 et
1130 1206 1357 1233 sacrorum
1396 1192 1575 1250 publice

249 1263 608 1303 celebrandorum
641 1263 890 1318 arbitrium,
931 1264 1118 1320 denique
1150 1265 1315 1304 multae
1347 1281 1428 1313 res,
1462 1279 1573 1322 quae

246 1335 438 1375 subinde
470 1333 671 1375 incidere
702 1336 872 1383 solent,
905 1350 1051 1390 neque
1083 1334 1213 1375 facile
1243 1335 1371 1377 certis
1404 1337 1574 1392 generi·

243 1408 328 1447 bus
369 1405 720 1462 nominibusque
759 1406 1074 1461 comprehendi
1115 1416 1315 1461 possunt.
1382 1409 1431 1448 ln
1470 1408 1578 1449 uni-

247 1492 427 1519 versum
459 1488 606 1520 autem
638 1491 792 1517 omnes
824 1492 904 1525 res,
939 1492 1126 1533 quarum
1157 1492 1382 1518 summum
1415 1489 1478 1520 est
1500 1494 1572 1534 pe·

245 1565 325 1593 nes
355 1549 616 1591 universum
648 1551 866 1606 populum
899 1548 1160 1596 arbitrium,
1201 1550 1255 1589 ad
1287 1559 1474 1605 quatuor
1503 1564 1575 1606 ge-

244 1637 348 1664 nera
378 1620 518 1678 redigi
552 1635 683 1676 posse
713 1619 952 1662 videntur:
992 1634 1094 1660 nam
1136 1630 1212 1660 aut
1250 1619 1415 1674 judicia
1447 1608 1574 1662 exer-

248 1705 404 1734 centur
434 1707 457 1732 a
497 1693 685 1749 populo,
725 1701 799 1731 aut
839 1692 954 1746 leges
995 1692 1219 1745 feruntur,
1260 1702 1336 1732 aut
1368 1695 1422 1733 de
1453 1694 1571 1734 bello

242 1779 442 1821 paceque
472 1775 514 1804 et
545 1761 825 1804 commerciis
867 1777 969 1803 cum
1002 1761 1161 1802 exteris
1202 1760 1458 1804 civitatibus
1492 1765 1574 1804 de-

245 1835 464 1890 cernitur,
495 1845 569 1876 aut
600 1834 774 1875 interna
805 1832 1076 1889 reipublicae
1106 1832 1434 1875 administratio
1464 1848 1572 1890 pro-

246 1918 440 1949 curatur.

331 1980 474 2034 Atque
502 1981 661 2019 harum
694 1976 894 2019 omnium
937 1991 1083 2016 rerum
1124 1985 1316 2031 potestas
1358 1987 1436 2017 aut
1477 1987 1569 2019 tota

246 2061 336 2092 erat
366 2064 500 2106 penes
526 2048 788 2091 universum
809 2048 1035 2106 populum,
1069 2058 1145 2088 aut
1166 2063 1214 2088 ex
1232 2058 1354 2103 parte
1377 2058 1565 2098 tantum,

246 2133 377 2178 atque
408 2132 485 2164 aut
513 2135 686 2176 semper
717 2131 760 2160 et
790 2119 968 2167 ordine,
1009 2129 1086 2159 aut
1115 2132 1441 2179 nonnunquam
1473 2122 1567 2160 tan·

246 2206 343 2236 tum
375 2205 418 2234 et
449 2204 566 2233 extra
597 2192 798 2234 ordinem
828 2206 851 2232 a
882 2192 1051 2247 populo
1093 2191 1390 2231 exercebatur.
1451 2191 1566 2232 Nam

241 2334 331 2380 pulo
356 2330 482 2379 κύριον
506 2333 661 2377 alicujus
686 2334 742 2367 rei
767 2333 909 2367 factum
934 2343 1025 2366 esse.
1076 2330 1270 2366 Demosth.
1299 2329 1345 2364 de
1369 2329 1449 2365 fals.
1485 2330 1563 2376 leg.

245 2406 283 2440 p.
323 2399 400 2439 389.
437 2399 499 2426 aut
535 2395 784 2439 Areopagum.
820 2395 930 2427 Dein.
967 2393 1014 2426 de
1048 2403 1176 2426 coron.
1209 2403 1245 2436 p.
1284 2404 1359 2439 271.
1395 2397 1434 2426 et
1466 2392 1566 2438 quod

243 2453 464 2489 Philocleon
489 2455 540 2487 ait
559 2456 655 2498 apud
680 2454 981 2498 Aristophanem,
1008 2455 1118 2497 Vesp.
1145 2464 1177 2486 v.
1204 2457 1290 2496 588:

373 2513 462 2550 ”En
497 2511 526 2550 δ’
567 2513 589 2559 ἡ
624 2513 739 2559 βουλή
778 2512 829 2558 χοί
864 2513 977 2558 δῆμος
1012 2510 1102 2549 ὅταν
1135 2515 1271 2558 ,κρῖναι
1304 2515 1398 2560 μέγα
1427 2510 1566 2560 πρᾶγμ’

791 2571 960 2620 ἀπορήσῃ
1056 2577 1059 2579 ’

379 2632 606 2682 Ἐψὴφισται
630 2634 713 2670 τοῖς
747 2631 958 2669 α’δικοῗντας
992 2637 1083 2671 τοῖσι
1112 2632 1297 2670 δικασταῖς
1319 2630 1562 2679 παραδοῦναι.

293 2707 326 2749 2)
353 2705 502 2739 Aristot.
531 2703 641 2737 Polit,
677 2704 735 2736 lv.
771 2715 820 2747 14.
