1706 3058
277 180 358 224 150

276 284 495 342 suffragiis
523 283 717 342 ferendis
750 283 1064 342 occupatus¹’).
1136 283 1222 327 Sed
1259 286 1393 342 longe
1423 286 1597 329 diversa

272 358 435 398 horum
468 354 757 396 comitiorum
790 353 902 396 ratio
942 365 1032 397 erat
1063 357 1115 396 ab
1157 355 1499 400 Atheniensium
1529 373 1602 400 ec-

275 426 424 469 clesia.
496 428 609 467 Nam
648 424 888 474 vexillum,
930 436 981 467 ut
1022 425 1083 468 ait
1121 425 1380 480 Servius-³),
1424 427 1472 469 in
1504 444 1601 471 arce

275 497 383 550 poni
415 498 606 544 solebat,
647 497 767 552 quod
798 506 910 537 esset
942 496 1169 552 specimen
1201 497 1404 553 imperati
1436 499 1603 541 exerci-

275 580 358 609 tus.
427 566 686 609 Exercitum
730 578 881 609 autem
922 566 1139 623 imperare
1180 567 1294 611 nihil
1347 568 1472 612 aliud
1524 581 1604 625 est,

275 653 411 694 quam
444 652 691 680 convocare
721 641 940 694 populum
962 636 1234 697 dispositum
1255 654 1332 695 pet
1362 639 1600 689 centurias«,

275 721 320 750 et
353 712 434 751 sub
475 708 612 765 signis
645 720 814 765 partem
846 708 893 749 in
936 711 1156 765 Campum
1195 709 1412 752 Martium
1445 712 1604 753 ducere

273 783 329 822 ad
358 779 565 836 suffragia
596 782 798 832 ferenda,
836 779 944 822 alios
984 780 1192 835 praesidii
1223 795 1350 822 causa
1380 782 1525 825 locare
1556 781 1604 821 in

273 866 386 902 aree,
418 854 461 893 h.
485 866 522 895 e.
556 852 602 897 in
622 850 900 908 Janiculo¹⁴).
959 853 1117 906 Neque
1148 850 1244 894 sine
1274 850 1351 892 tali
1382 851 1602 910 praesidio

275 923 340 963 fas
368 933 457 964 erat
488 923 737 964 centuriata
758 920 943 964 comitia
964 921 1133 974 haberi,
1163 921 1383 978 quocirca,
1415 923 1450 965 si
1472 938 1604 979 quan-

273 995 345 1041 do,
375 994 570 1036 detracto
594 994 774 1043 vexillo,
804 991 1075 1052 praesidium
1103 991 1388 1042 discessisset,
1422 992 1605 1036 comitia

273 1063 458 1106 dissolvi
490 1079 670 1107 necesse
702 1076 817 1116 erat,
846 1064 1228 1120 quemadmodum
1261 1063 1309 1104 in
1340 1064 1514 1106 Rabirii
1540 1068 1604 1116 ju·

273 1133 395 1175 dicio
425 1135 595 1177 factum
629 1150 720 1193 esse
749 1134 953 1192 legimus,
985 1146 1037 1175 ut
1065 1135 1296 1188 Metellus,
1339 1138 1492 1178 avulso
1533 1150 1606 1177 ve·

269 1206 395 1258 xillo‚
428 1206 610 1247 comitia
644 1206 887 1254 dirimeret,
919 1207 1225 1263 populumque
1256 1217 1357 1248 ante
1389 1207 1477 1248 lata
1508 1205 1606 1247 suf-

270 1276 409 1334 fragia
443 1277 671 1318 discedere
705 1282 956 1335 cogeret¹⁵).
1017 1279 1172 1333 Neque
1205 1288 1353 1318 tamen
1385 1276 1423 1319 is
1454 1276 1606 1334 legiti-

270 1363 372 1389 mus
404 1359 537 1404 atque
570 1347 821 1389 ordinarius
854 1359 946 1389 erat
977 1346 1272 1390 comitiorum
1304 1346 1606 1392 dimittendo-

267 1434 370 1460 rum
401 1419 575 1460 modus.
637 1418 914 1474 Legitimum
953 1420 1038 1459 hoc
1078 1429 1191 1466 erat,
1234 1430 1285 1460 ut
1325 1417 1606 1476 magistratus

266 1505 373 1533 cum
405 1488 583 1531 solenni
616 1490 831 1531 formula:
893 1489 939 1532 Si
983 1487 1113 1529 vobis
1152 1487 1350 1535 videtur,
1393 1488 1606 1530 discedite

267 1560 561 1618 Quirites¹⁶)‚
601 1562 824 1617 populum
864 1559 986 1603 abire
1025 1559 1220 1614 juberet3
1274 1573 1362 1616 quo
1394 1559 1508 1601 facto
1539 1558 1607 1601 si-

267 1633 365 1674 mul
396 1631 463 1672 illi
498 1631 785 1674 discedebant
825 1641 869 1671 et
908 1629 1181 1690 praesidium
1221 1645 1324 1674 cum
1355 1627 1520 1675 veizillo
1553 1632 1606 1672 ab

267 1717 368 1748 arce
411 1704 716 1747 descendebat,
795 1703 882 1743 Sed
931 1702 1049 1758 apud
1087 1700 1380 1743 Athenienses
1429 1702 1606 1744 nullum

269 1790 374 1818 cum
406 1774 567 1816 vexillo
601 1770 869 1826 praesidium
899 1782 1082 1828 propter
1106 1771 1289 1812 comitia
1320 1772 1368 1814 in
1398 1787 1495 1816 arce
1518 1774 1606 1814 eol·

269 1846 405 1888 locari
437 1847 626 1894 solebat;
669 1844 842 1901 itaque,
884 1840 1057 1883 etiamsi
1090 1842 1284 1884 fortassis
1319 1842 1498 1901 signum
1531 1843 1606 1885 ali-

273 1919 396 1974 quod
439 1915 754 1964 comitiorum,
794 1913 890 1956 sive
930 1911 1041 1953 illud
1081 1912 1235 1954 vexilli
1273 1913 1420 1956 simile
1451 1914 1603 1963 fuerit,

272 1987 371 2031 sive
414 1988 499 2030 alia
541 1987 748 2044 quapiam
790 1985 953 2032 forma,
994 1983 1186 2041 proponi
1220 1986 1516 2035 consueverit,
1551 1987 1606 2028 de

272 2073 360 2116 quo
393 2060 543 2115 paullo
576 2069 676 2114 post
707 2055 975 2110 videbimus,
1005 2069 1097 2097 non
1130 2056 1283 2098 debuit
1312 2055 1349 2098 is
1380 2071 1476 2099 mos
1501 2071 1605 2119 cum

273 2130 448 2176 diverso
483 2135 793 2174 Romanorum
832 2141 955 2168 more
994 2127 1258 2183 comparari,
1569 2122 1572 2126 ’

360 2219 480 2261 Haec
511 2217 665 2258 eadem
697 2215 787 2256 fere
817 2223 971 2253 contra
1008 2211 1247 2255 Reiskium
1276 2228 1415 2270 nuper
1445 2212 1604 2270 dispu-

273 2288 388 2332 tavit
430 2288 500 2330 vir
542 2298 583 2332 et
622 2282 794 2347 ingenii
833 2282 1082 2329 subtilitate
1123 2294 1168 2327 et
1207 2282 1435 2327 doctrinae
1474 2284 1606 2343 copia

322 2444 379 2485 12)
408 2443 543 2476 Laetus
567 2441 691 2484 Felix,
718 2453 774 2486 ap.
804 2441 903 2476 Gen.
931 2441 978 2476 N.
1006 2441 1047 2477 A.
1076 2440 1153 2476 XV.
1181 2451 1236 2489 27·

325 2511 382 2554 13)
410 2510 465 2543 Ad
499 2511 631 2555 Virgil.
677 2509 832 2545 Aeneid.
867 2511 971 2544 VIII.
1001 2522 1030 2544 1.

326 2582 380 2622 14)
408 2579 532 2612 Verba
556 2585 643 2612 sunt
670 2578 874 2621 Gronovii,
910 2590 1024 2625 quem
1049 2577 1149 2613 conf.
1178 2576 1392 2613 Observatt.
1421 2575 1450 2613 Ῐ.
1481 2588 1511 2612 ι.

328 2642 383 2683 15)
411 2639 497 2673 Dio.
527 2641 627 2674 Cass.
654 2641 841 2674 XXXVII.
870 2652 924 2685 27.
953 2645 1007 2678 28-

330 2706 387 2751 16)
417 2706 474 2743 Cf.
502 2708 668 2742 Brisson.
698 2707 743 2742 de
768 2709 947 2746 Formull.
975 2709 1039 2745 lib.
1075 2709 1126 2746 11.
1160 2719 1197 2756 p.
1228 2719 1303 2755 191.
