1706 3058
252 179 326 206 112

247 269 398 313 nescio
430 285 484 312 an
517 267 727 324 singulari
770 267 992 321 exemplo,
1036 263 1114 306 illo
1144 275 1320 306 tantum
1348 273 1566 320 tempore,

249 345 302 384 de
344 355 429 398 quo
477 339 633 381 scribit
682 334 949 383 Andocides,
1002 334 1169 376 factum
1213 334 1354 377 videri
1391 336 1576 378 debeat··

244 417 373 456 Certe
404 408 620 462 ejusmodi
654 407 837 462 ἀτιμίαν,
869 417 920 446 ut
951 404 1013 446 ait
1041 405 1138 460 ille,
1182 406 1283 449 κατὰ
1314 406 1565 463 προστάξεις,

246 486 299 525 ab
332 482 428 524 aliis
460 477 751 535 scriptoribus
793 474 1031 519 memorari
1071 490 1164 517 uon
1196 475 1394 520 memini.

332 553 366 592 Ii
401 550 533 592 etiam
564 549 639 606 qui
669 559 851 604 propter
873 547 1086 588 mulctam
1117 548 1172 588 ad
1204 562 1336 603 quam
1357 550 1566 592 condem·

246 624 338 668 nati
371 633 513 674 erant,
552 634 642 662 non
683 621 897 666 solutam,
940 629 1016 660 aut
1046 616 1134 659 alio
1176 633 1399 675 quoquam
1429 622 1568 663 modo

246 693 402 737 aerarii
435 692 652 734 debitores
686 689 788 731 facti
820 699 964 736 erant,
998 689 1305 744 §venor-erant,
1348 692 1456 732 (lum
1488 693 1569 734 de..

245 765 390 807 bitum
420 762 631 808 luissent,
665 772 708 801 et
739 758 937 802 comitiis
969 770 1101 814 atque
1131 770 1337 815 suggestu
1366 761 1567 816 prohibe·

243 838 421 878 bantur.
481 831 685 887 Denique
715 831 747 872 ii
777 843 980 886 quoque,
1021 827 1099 884 qui
1138 840 1317 884 propter
1362 831 1567 887 graviora

247 906 404 949 delicta
433 904 481 945 in
511 902 700 943 vinculis
731 900 873 943 habiti
907 911 1053 950 erant,
1095 913 1282 955 quorum
1311 912 1458 956 patres
1489 917 1569 944 ex-

245 989 388 1019 tremo
421 974 636 1031 supplicio
678 972 824 1014 affecti
864 981 1010 1019 erant,
1053 970 1155 1026 qui,
1200 985 1302 1013 cum
1343 974 1396 1014 ad
1419 972 1569 1031 magi-

245 1058 406 1089 stratus
438 1045 673 1101 capiendos
705 1042 925 1099 designati
955 1053 1126 1094 essent,
1155 1041 1202 1082 in
1232 1042 1402 1095 judicio
1433 1049 1567 1096 (δοκι-

244 1122 381 1176 μασίᾳ)
412 1115 635 1172 reprobati
669 1117 871 1164 erant²³).
931 1115 1072 1169 Atque
1102 1116 1261 1155 horum
1292 1113 1497 1156 omnium
1526 1114 1566 1156 ei

246 1188 346 1246 quis
394 1199 542 1230 tamen
592 1188 646 1228 ad
694 1184 1016 1240 rempublicam
1064 1185 1270 1226 accedere
1320 1195 1567 1236 conaretur,

245 1260 429 1303 nomina
472 1274 494 1300 a
525 1256 683 1315 quovis
715 1256 809 1298 cive
841 1254 999 1296 deferri
1031 1266 1236 1311 poterant
1266 1256 1321 1296 ad
1351 1256 1568 1297 Thesmo-

244 1333 410 1380 thetas‚
444 1344 556 1387 quae
587 1327 746 1369 delatio
780 1329 944 1377 ἔνδειξις
975 1324 1290 1382 vocabam-²⁴).

330 1419 415 1461 Sed
447 1429 539 1458 non
569 1415 617 1456 id
647 1415 794 1455 solum
821 1413 938 1466 leges
978 1409 1313 1466 requisiverunt
1344 1410 1392 1452 in
1423 1421 1566 1456 orato.

242 1490 388 1545 ribus,
426 1498 478 1529 ut
506 1484 758 1543 graviorum
791 1480 1031 1522 criminum
1065 1483 1192 1536 culpa
1224 1491 1445 1535 carerent3
1488 1495 1567 1523 vo·

246 1563 428 1603 luerunt
455 1570 553 1604 eos,
589 1552 667 1612 qui
698 1551 852 1610 populi
892 1551 980 1593 fide
1008 1562 1052 1593 et
1094 1550 1274 1609 publica
1303 1540 1567 1594 auctorita‘te

294 1708 353 1752 23)
380 1707 423 1739 V.
453 1705 560 1740 Orat.
586 1705 616 1738 Ι.
642 1701 723 1736 adv.
749 1695 941 1746 Aristogit.
975 1706 1012 1745 p.
1048 1710 1125 1748 779.

293 1792 354 1835 24)
379 1791 598 1834 Harpocrat.
626 1798 654 1820 s.
682 1798 716 1818 v.
743 1785 830 1818 Lex.
864 1782 1021 1817 Rhetor.
1057 1784 1097 1818 in
1119 1783 1281 1819 Bekkeri
1304 1783 1441 1819 Anecd
1472 1796 1500 1818 1.
1526 1795 1564 1830 p.

244 1861 322 1896 250.
349 1850 498 1895 aliique.
524 1848 574 1883 cf.
600 1845 796 1882 Demosth.
823 1844 902 1878 adv.
927 1839 1092 1879 Timocr.
1119 1857 1155 1890 p.
1181 1852 1259 1891 707.
1287 1845 1350 1878 ubi
1374 1854 1566 1878 memora·-

246 1919 309 1946 tur
324 1908 490 1952 «ὲίὃειξις
520 1908 566 1942 ad
597 1904 887 1941 Thesmothetas
919 1904 1136 1939 deferenda.
1205 1905 1296 1938 Adv.
1340 1905 1494 1938 Androt.
1527 1915 1564 1948 p.

246 1973 325 2018 603.
353 1968 547 2014 Ejusmodi
569 1964 748 2008 ἐνδείξεως
782 1965 1033 1999 illustrissima
1062 1965 1233 2010 exempla
1255 1971 1341 1999 sunt
1363 1964 1564 2000 Demosth.

246 2035 327 2069 adv.
362 2030 677 2075 Aristogitonem,
709 2037 822 2072 quem
855 2026 1131 2070 Harpocration
1163 2035 1312 2071 quoque
1343 2024 1491 2068 laudat,
1525 2029 1566 2058 et

245 2093 328 2128 adv.
365 2085 631 2125 Theocrinem.
687 2081 760 2120 Sed
795 2086 895 2132 quod
926 2086 1079 2128 Pollux,
1111 2086 1215 2119 VIII,
1250 2096 1307 2130 49.
1342 2079 1567 2127 ἔνδειξιναᾶ

246 2154 502 2194 Archontem,
527 2150 552 2184 ι’.
580 2160 602 2183 e
626 2148 888 2192 Eponymum,
914 2145 1158 2181 deferendam
1182 2143 1296 2178 fuisse
1321 2140 1435 2186 dicit,
1459 2142 1567 2179 vide-

244 2224 308 2252 tur
331 2215 399 2261 pro
426 2221 621 2248 causarum
642 2202 856 2242 diversitate
866 2207 1033 2242 diversus
1052 2204 1250 2241 delationis
1265 2204 1397 2240 modus
1420 2203 1564 2247 fuistin

245 2275 377 2311 Lexici
400 2271 597 2308 Rhetorici
621 2274 752 2303 auctor
775 2266 891 2301 etiam
923 2266 970 2301 ad
1005 2265 1292 2302 Undecimviros
1323 2260 1477 2307 ἔνδειξιν
1508 2263 1584 2298 fn-‘

247 2343 348 2371 ctam
374 2346 453 2368 esse
477 2335 684 2372 memorat3
710 2327 775 2363 sed
797 2327 947 2361 videtur
970 2325 1170 2374 ἐπαγωγὴν
1193 2337 1279 2360 cum
1303 2321 1452 2366 ἐνδείξει
1473 2334 1564 2369 pet-

246 2403 412 2432 mutasse
439 2397 487 2438 (v.
511 2394 693 2436 Harpocr.
725 2401 752 2423 ε.
782 2400 817 2422 ν.
848 2384 966 2433 ἔπαγε
993 2393 1031 2420 et
1064 2386 1208 2422 Pollux.
1242 2385 1345 2418 VIII.
1372 2385 1432 2428 49)
1460 2382 1577 2432 quod.

246 2464 375 2492 tamen
395 2455 663 2493 demonstrare,
688 2451 842 2495 longum
867 2454 934 2490 est,
969 2459 1093 2494 neque
1115 2447 1222 2490 hujus
1241 2445 1327 2479 loci.
1379 2436 1578 2479 Ceterum*

247 2519 427 2553 differunt
451 2513 597 2555 ἔνδειξις
614 2517 652 2545 et
675 2509 872 2556 ἐπαγγελία
894 2519 961 2550 eo,
997 2508 1097 2554 quod
1121 2507 1186 2541 illa
1213 2507 1341 2540 locum
1371 2498 1494 2539 habet‘
1517 2504 1561 2540 in

246 2575 455 2612 manifestis
474 2579 512 2607 et
532 2570 724 2612 convictis,
747 2568 809 2615 qui
827 2574 952 2603 tamen
969 2568 1130 2610 faciunt,
1163 2566 1260 2613 quod
1287 2570 1441 2611 propter
1466 2563 1560 2599 doli-

245 2645 305 2672 cta
324 2638 369 2671 iis
387 2634 632 2669 interdictum
652 2638 726 2672 est,
755 2628 849 2663 haec
866 2634 991 2663 autem
1011 2628 1050 2661 iu
1069 2627 1114 2660 iis
1135 2627 1197 2674 qui
1213 2625 1382 2662 nondum
1396 2623 1560 2661 convicti

246 2704 331 2733 sunt
351 2703 482 2740 antea,
511 2693 578 2729 sed
594 2703 694 2728 nuuc
721 2690 886 2736 primum
902 2695 1117 2736 arguuntur.
