1706 3058
238 139 316 184 106

234 247 274 291 5.
306 249 361 289 ad
402 249 724 306 rempublicam
768 249 1002 293 accessisse
1037 253 1280 307 videtur⁸)÷,'
1316 267 1403 312 quo
1435 265 1552 298 tem-

233 331 340 374 pore
371 318 643 367 Alcibiades,
675 320 711 361 si
744 323 1032 367 Dodwellum
1063 324 1279 381 sequaris,
1319 324 1396 366 vix
1427 324 1554 383 vige-

234 388 397 429 simum
429 401 658 445 quartum.
690 391 760 433 sin
794 392 925 442 alios,
956 393 1031 435 vix
1061 393 1329 452 vigesimum
1359 398 1554 452 expleve-

235 461 362 517 rat⁹).
424 462 507 503 Sed
539 463 680 503 multo
710 464 882 506 minore
911 464 1094 522 negotio
1134 480 1202 506 res
1241 465 1417 522 probari
1446 476 1554 522 pot-

237 543 301 573 est
339 532 641 587 Xenophontis
680 535 802 582 loco,
855 535 931 577 ubi
986 537 1285 586 Glauconem,
1337 535 1554 580 Aristonis

238 602 408 650 filium,
448 604 652 646 nondum
694 604 857 662 viginti
900 620 1040 648 annos
1068 617 1246 656 natum,
1289 609 1345 651 ad
1374 603 1556 663 tempu-’-

233 672 394 717 blicam
425 674 661 716 accessisse
685 707 697 725 ,
729 687 773 717 et
801 675 975 732 saepius
1006 675 1053 718 in
1088 677 1285 720 comitiis
1316 679 1369 720 ad
1401 676 1556 719 dicen-

237 745 343 785 dum
383 744 619 786 surrexisse
658 758 832 796 narrat,
874 758 1006 802 atque
1049 747 1111 789 ita
1151 750 1258 791 haec
1286 758 1457 800 narrat,
1505 756 1558 788 ut

235 825 457 872 appareat,
491 817 660 858 nullam
692 818 826 860 fuisse
845 819 1000 874 legem,
1035 833 1148 875 quae
1178 818 1225 859 id
1256 808 1499 870 vetaretm).

321 900 722 955 Frequentissimae
753 914 900 945 autem
933 904 986 944 de
1020 900 1090 950 iis,
1123 902 1198 960 qui
1227 905 1283 945 ad
1313 901 1558 948 dicendum

232 982 442 1028 surgunt,
492 974 569 1012 hae
608 984 709 1013 sunt
765 975 1008 1018 formulae:
1060 972 1324 1022 ἀνίστασθαι,
1371 975 1559 1029 παριέναι

232 1045 298 1087 ἐπὶ
335 1044 379 1087 τὸ
417 1047 550 1098 βῆμα,
599 1046 806 1099 προσιέναι
835 1051 892 1103 τῷ
930 1044 1067 1103 δήμῳ,
1116 1045 1322 1100 πρόοδον,
1359 1044 1555 1101 πάροδοιὶ,

232 1113 440 1171 πρόσοδον
477 1122 706 1167 ποιεῖσθαι,
748 1115 987 1171 ἀναβαίνειν
1028 1118 1085 1165 εἰς
1113 1114 1158 1158 τὸ
1197 1122 1380 1170 πλῆθος,
1420 1114 1559 1157 aliae-2

232 1199 343 1243 que3
371 1186 501 1240 atque
531 1197 725 1228 oratores
756 1201 1081 1247 nonnunquam
1112 1185 1375 1244 simpliciter
1403 1185 1554 1231 dicun·

275 1358 312 1400 8)
334 1357 389 1390 Eo
407 1355 509 1391 enim
530 1367 628 1391 anno
651 1362 732 1391 acta
750 1361 805 1390 est
829 1354 1085 1400 Aristophanis
1106 1355 1256 1399 fabula,
1281 1356 1557 1400 Achai-nenses,

229 1417 296 1451 ubi
314 1429 364 1451 vs.
388 1417 467 1464 716.
488 1417 698 1451 Alcibiades
715 1416 893 1461 tangitur,

276 1501 313 1546 9)
332 1499 520 1539 DodwelL
543 1500 675 1532 Annal.
709 1498 878 1544 Thucyd.
915 1499 960 1533 ad
978 1511 1063 1534 ann.
1100 1500 1205 1534 XIII.
1236 1501 1328 1536 hen.
1357 1502 1486 1546 Pelop.
1516 1511 1555 1545 p.-

228 1561 308 1600 682.
334 1559 391 1594 ed.
413 1560 549 1593 Bauer.
570 1565 702 1593 natum
721 1562 827 1603 putat
846 1556 1079 1593 Alcibiadem
1109 1560 1170 1594 Ol.
1202 1561 1389 1596 LXXXII.
1421 1562 1440 1606 ξ
1469 1572 1555 1597 cum

230 1634 276 1658 eo
307 1619 493 1656 consentit
517 1618 634 1652 Wolf.
675 1619 721 1652 ad
747 1617 945 1652 Demosth.
974 1620 1081 1665 Lept.
1110 1632 1147 1665 p.
1177 1619 1258 1665 556.
1299 1621 1374 1656 Sed
1402 1621 1557 1657 sirecte

225 1685 356 1728 Nepos
381 1692 468 1714 eum
492 1678 659 1713 occisum
687 1689 770 1712 esse
796 1677 888 1711 dicit
921 1679 1074 1714 circiter
1102 1680 1387 1726 quadragesimo
1423 1681 1556 1722 aetatis

227 1755 350 1784 anno,
378 1741 453 1775 Vit.
478 1739 556 1777 Alc.
577 1751 608 1772 c.
633 1751 685 1774 ιο.
709 1736 842 1773 mortis
871 1744 997 1772 autem
1019 1751 1140 1775 annus
1161 1741 1314 1777 secund.
1342 1741 1556 1779 Diodorum

229 1804 257 1846 1.
275 1803 373 1836 XIV.
400 1806 458 1834 est
489 1800 550 1834 01.
581 1800 712 1833 XCIV.
750 1811 799 1840 2.,
824 1803 931 1832 natus
960 1798 1009 1832 sit
1043 1806 1194 1846 oportet
1221 1800 1374 1835 circiter
1399 1801 1551 1847 Olymp.

231 1863 440 1898 LXXXIII.
462 1872 495 1906 5.
508 1885 518 1904 ‚
538 1865 576 1894 et
594 1859 655 1894 01.
679 1859 919 1899 LXXXVIII.
940 1871 974 1905 5.
990 1860 1214 1907 vigesimum
1230 1871 1371 1899 annum
1385 1860 1565 1910 nondum-

231 1921 448 1964 excesserit!

280 2009 337 2051 ιο)
363 2005 574 2040 Memor-ab.
604 2005 676 2038 ΙΙΙ.
703 2004 737 2038 6.
767 2017 796 2040 ι.
829 2025 876 2032 --
922 2006 1180 2052 Aristophanis
1210 2007 1362 2053 quidem
1389 2007 1553 2046 Scholia-

229 2076 327 2110 stes,
353 2066 400 2101 ad
417 2066 540 2100 Nubb.
568 2078 602 2099 v.
623 2075 700 2110 550.
721 2065 847 2110 legem
869 2066 986 2100 fuisse
1014 2074 1162 2109 narrat,
1186 2067 1240 2112 μή
1266 2065 1445 2105 εἰσελθεῖν
1465 2081 1552 2110 ’τινα

229 2128 348 2169 εἰπεῖν
370 2122 482 2172 μήπω
498 2123 767 2171 τεσσαράκοντα
781 2125 843 2171 ἔτη
867 2125 1054 2174 γεγονότα,
1080 2125 1126 2162 οἷς
1149 2125 1190 2162 δέ
1211 2138 1316 2171 τινος,
1340 2124 1551 2174 vetuimus-a,

230 2192 435 2235 Utcuquue
461 2186 555 2220 haec
572 2184 823 2230 accipiantur,
855 2186 934 2221 sive
963 2187 1009 2221 de
1035 2199 1167 2230 scena,
1208 2194 1249 2222 ut
1277 2187 1420 2222 Petitus
1447 2187 1552 2231 fecit,

188 2268 193 2271 -
229 2263 266 2298 p.
306 2248 382 2294 146.
419 2247 498 2280 sive
533 2245 578 2280 de
609 2245 789 2289 comitiis,
828 2253 870 2281 ut
899 2247 1105 2286 ‚Palmerius
1139 2255 1177 2283 et
1201 2247 1472 2292 Wesselingius
1505 2247 1553 2282 ad
1576 2296 1586 2306 x

230 2314 335 2354 Pet.,
367 2309 461 2344 falsa
489 2312 587 2341 sunt.
637 2307 779 2342 Petitus
807 2308 960 2354 quidem
986 2310 1065 2353 ipse
1084 2321 1119 2355 p.
1147 2320 1224 2356 344.
1252 2308 1418 2354 priorem
1444 2317 1551 2342 suam

232 2370 520 2418 explicationem
539 2373 601 2401 aut
625 2375 796 2412 revocat,
834 2376 898 2404 aut
925 2370 1061 2404 oblitus
1091 2375 1166 2413 est,
1202 2375 1240 2403 et
1269 2368 1317 2403 de
1341 2368 1552 2404 oratoribus

231 2431 384 2480 publice
404 2428 538 2464 creatis
565 2429 692 2464 locum
717 2429 1008 2476 interpretatur3
1051 2429 1116 2464 sed
1143 2429 1188 2464 de
1214 2429 1270 2463 his
1295 2441 1382 2464 mox
1410 2429 1554 2464 videbi-f

230 2504 327 2528 mus.
391 2491 571 2524 Ceterum
607 2502 682 2524 non
717 2501 854 2525 novum
888 2497 945 2525 est
970 2501 1092 2536 neque
1116 2490 1197 2524 sine
1217 2491 1408 2536 exemplo,
1445 2490 1552 2536 leges

233 2555 280 2589 ab
308 2552 410 2586 hisce
439 2550 636 2584 Graeculis
661 2551 775 2595 fingi,
815 2561 912 2596 quae
932 2561 1123 2596 nunquam
1138 2550 1313 2594 fuerunt,
1346 2550 1552 2593 cujusmodi

234 2624 270 2647 v.
292 2623 322 2646 c.
342 2610 407 2643 illa
427 2621 574 2655 quoque
596 2617 675 2652 est,
708 2622 821 2656 quam
855 2612 964 2644 affert
995 2610 1119 2647 schol.
1150 2609 1196 2645 ad
1223 2611 1317 2652 Rau.
1347 2623 1380 2648 v.
1406 2622 1486 2657 φο.
1513 2616 1552 2645 et

233 2672 398 2710 Petitus‚
428 2670 483 2705 nil
507 2670 717 2716 suspicans,
754 2672 892 2717 repetit
918 2684 953 2717 p.
983 2681 1060 2718 205.
