1706 3058
1325 145 1402 189 123

88 260 268 321 quentis
281 266 353 313 ²⁴):
375 284 430 295 -
462 260 563 304 οἶδὲ
589 258 739 317 ᾤχοντο
762 256 968 308 ἀπιόντες,
999 261 1118 299 τοῦτο
1142 260 1246 313 γοῦν
1265 257 1405 308 σφίσιν

87 334 227 385 αὐτοῖς
249 333 490 384 συνειδότες,
521 331 582 376 ὅτι
610 329 731 374 οὐδὲν
751 330 878 372 κακὸν
898 335 947 386 τῇ
967 329 1080 374 πόλει
1098 330 1157 381 ἐψ
1176 329 1406 382 ηφίσαν-

86 425 154 450 το.
209 404 337 462 ὀλίγοι
354 405 396 448 δὲ
427 404 533 454 τινὲς
562 404 632 445 καὶ
662 403 839 457 πονηροὶ
862 403 931 443 καὶ
954 406 1090 450 κακῶς
1118 399 1409 456 βουλευόμενοι

87 479 137 523 τὰ
175 478 476 534 προσταχθέντα
522 472 956 530 ἐχειροτόνησαν.
1034 469 1409 526 Frequentissima

90 559 156 590 est
193 544 383 589 locutio:
414 543 576 602 γνώμας
612 550 856 600 χειροτονεῖν
902 543 973 583 vel
1024 544 1411 596 ἔπιχειροτονεῖν”),

91 619 304 676 quoniam
336 618 390 657 de
421 613 730 671 rogationibus
771 613 1031 670 suffragium
1072 613 1259 670 populus
1301 613 1417 654 fere-

87 693 166 732 bat
203 686 486 747 porrigendis
525 685 755 735 manibus;
794 696 942 726 tamen
969 688 1226 739 ψηφίζεσθαι
1265 698 1418 740 popu,

88 763 183 803 lum
216 760 375 803 dicunt
410 758 462 800 de
493 756 708 810 ejusmodi
741 759 893 809 rebus,
933 757 985 797 de
1025 755 1189 812 quibus
1228 771 1305 812 per
1342 774 1419 812 χει-

90 836 282 892 ροτονίαν
322 830 534 877 sciverat,
575 826 712 870 veluti
752 832 1008 884 ψηφίζεσθαι
1052 830 1275 882 βοηθείαν,
1319 833 1421 877 ναῦς

92 903 265 959 aliaque
279 900 496 955 ejusmodi
510 901 625 956 apud
638 903 986 942 Demosthenem
997 898 1064 956 ²⁶),
1098 912 1243 953 neque
1265 898 1416 940 omni-

93 989 174 1023 n0‚
208 973 288 1016 ubi
320 972 463 1029 ipsius
494 971 582 1023 rei,
615 985 747 1026 quam
782 973 976 1027 populus
998 970 1090 1011 fieri
1122 969 1262 1022 jussit,
1293 971 1418 1010 velut

93 1046 236 1105 pacis,
271 1058 407 1104 quam
436 1040 621 1096 sanciri,
653 1041 862 1092 navium,
906 1056 1013 1099 quas
1050 1040 1240 1089 instrui,
1294 1056 1417 1082 exer-

93 1119 232 1169 citus,
265 1131 399 1174 quem
430 1113 553 1156 mitti
582 1113 755 1162 voluit,
788 1128 954 1155 nomen
985 1112 1315 1155 substantivum
1345 1127 1420 1169 po-

93 1190 234 1239 nitur,
263 1188 350 1231 ³110
382 1189 518 1228 Verbo
549 1200 683 1242 quam
705 1189 962 1240 ψηφίζεσθαι
991 1185 1059 1227 uti
1090 1186 1254 1232 solent;
1288 1195 1421 1241 atque

93 1279 136 1305 v.
179 1277 214 1307 c,
253 1266 499 1318 χειροτονεῖν
542 1260 765 1314 βοηθείαν,
815 1264 939 1311 ναῦς,
988 1257 1180 1315 στρατόν,
1226 1270 1422 1312 prorsus,

95 1333 146 1375 ni
177 1334 315 1380 fallor,
349 1328 616 1372 inusitatum
640 1340 717 1370 est.
779 1331 866 1371 Sed
892 1340 1041 1371 tamen
1062 1343 1162 1370 cum
1193 1327 1425 1370 infinitivo

97 1415 400 1448 constructum
431 1400 662 1442 invenitur
691 1402 879 1442 verbum
911 1408 1178 1457 χειροτονεῖν,
1227 1412 1278 1442 ut
1309 1403 1424 1457 apud

96 1475 452 1528 Aeschinem²'):
485 1471 506 1516 ὅ
544 1477 675 1526 δῆμος
697 1471 804 1522 ἅπας
833 1471 1135 1527 ὁμογνωμονῶν
1176 1472 1423 1528 ἐχειροτόνη-

101 1564 192 1600 σεν,
232 1549 378 1597 ἐξεῖναι
418 1548 540 1598 δεῦρο
579 1545 765 1601 Φιλίππῳ
797 1542 981 1599 κήρυκας
1011 1546 1079 1589 καὶ
1115 1546 1302 1599 πρέσβεις
1329 1546 1425 1598 πέμ-

101 1637 191 1662 πειν
228 1615 328 1673 ὑπὲρ
364 1615 541 1671 εἰρήνης.
602 1615 814 1655 Ceterum
849 1616 904 1655 de
934 1613 1275 1670 magistratuum
1307 1629 1428 1656 crea-

102 1689 227 1732 tione
256 1688 306 1728 in
337 1685 532 1729 comitiis
570 1683 825 1740 legitimum
856 1695 922 1725 est
953 1687 1140 1726 verbum
1170 1695 1428 1742 χειροτονεῖν,

102 1774 334 1816 nunquam
363 1761 642 1813 ψηφίζεσθαις
677 1757 730 1797 de
761 1755 942 1808 judiciis
975 1768 1127 1798 contra
1149 1772 1323 1816 semper
1350 1772 1430 1815 ψη-

103 1836 309 1887 φίζεσθαι,
339 1843 568 1885 nunquam
594 1835 837 1885 χειροτονεῖν
850 1831 917 1885 ²⁸).
970 1830 1057 1871 Sed
1078 1829 1431 1885 compositorum

151 1960 209 2003 24)
237 1958 293 1992 Ib.
319 1968 354 2002 p.
386 1968 461 2002 127.
487 1961 521 1995 8.
548 1956 598 1991 cf.
625 1957 780 1991 Isocrat.
809 1956 944 1990 Social.
966 1967 1002 2002 p.
1028 1968 1108 2001 402.
1137 1956 1194 1993 ed.
1220 1957 1338 1991 Wolf.
1364 1958 1433 1995 Ba·

107 2019 164 2055 sil.
202 2028 301 2065 15?1·

156 2089 214 2132 25)
240 2087 436 2123 Demosth.
464 2087 511 2121 de
536 2088 673 2121 Coron.
701 2099 737 2133 p.
763 2071 842 2134 309.
869 2087 1071 2133 Hegesipp.
1111 2087 1157 2120 de
1192 2087 1368 2121 Halones.
1396 2099 1432 2135 p.

109 2155 165 2189 81.
196 2147 393 2183 Demosth.
420 2148 516 2183 Phil.
538 2149 566 2182 I.
596 2160 632 2194 p.
659 2154 715 2193 48.
744 2149 790 2183 de
815 2151 954 2184 Coron.
990 2161 1027 2194 p.
1055 2149 1132 2182 261.

157 2233 216 2276 26)
254 2231 454 2267 Demosth.
493 2232 648 2278 Olynth.
685 2234 716 2269 I.
764 2245 800 2279 p.
841 2246 875 2279 9.
924 2232 1098 2267 Aeschin.
1143 2231 1191 2266 de
1233 2232 1314 2268 fals.
1359 2233 1433 2279 leg.

110 2305 146 2340 p.
179 2306 255 2328 221.

160 2364 218 2409 27)
245 2364 306 2397 De
330 2363 414 2399 fals.
447 2363 524 2409 leg.
550 2375 586 2409 p.
618 2369 694 2410 198.

164 2446 221 2487 28)
247 2446 526 2494 Nonnunquam
551 2450 795 2494 ψηφίζεσθαι,
823 2449 1036 2484 oblitterata
1055 2449 1335 2494 significatione
1355 2461 1441 2495 pro—

115 2506 219 2551 pria,
244 2506 467 2551 simpliciter
490 2516 568 2543 est:
596 2510 823 2554 decernere,
864 2517 905 2545 ut
929 2523 986 2556 ap.
1014 2510 1211 2544 Demosth.
1239 2511 1278 2544 in
1304 2511 1442 2544 Lacrit.

117 2580 152 2612 p.
180 2568 260 2613 956.
286 2587 332 2594 —
354 2566 451 2612 πλήν
475 2568 642 2614 ἐκβολῆς,
678 2567 723 2615 ἦν
747 2571 792 2607 ἄν
816 2569 856 2608 οἱ
876 2568 1036 2616 σύμπλοι
1059 2570 1165 2618 κοινῇ
1197 2570 1445 2616 ψηφισάμενοι

119 2626 364 2674 ἐκβάλωνται.
391 2634 429 2663 et
451 2633 673 2675 χειροτονεῖν
695 2644 717 2666 a
741 2633 896 2667 Polluce
920 2633 1024 2666 VIII.
1051 2637 1106 2679 87.
1135 2631 1273 2665 dicitur
1301 2630 1347 2664 de
1370 2643 1447 2665 ma-

122 2689 340 2732 gistratibus
354 2715 364 2734 ,
389 2691 454 2738 qui
478 2693 707 2738 χειροτονίαν
730 2700 890 2738 regunt,
913 2700 954 2728 ut
980 2693 1078 2740 apud
1101 2694 1294 2728 Romanos
1318 2703 1450 2727 creare
