1706 3058
1376 160 1430 218 87

102 260 263 302 missae
302 270 447 312 erant,
487 269 554 300 eo‘
580 256 721 314 magis
761 264 1055 306 metuendum
1085 269 1428 326 cavendumque

96 343 218 386 terat,
249 346 306 372 ne
337 330 512 387 quando
542 331 625 372 hac
649 341 769 374 tanta
789 345 1007 388 potestate
1035 338 1150 378 male
1180 350 1423 381 uterentur.

102 402 206 460 Ipsi,
239 402 451 450 tribules,
483 401 695 442 nonnulli
723 402 858 445 etiam
881 407 1065 461 δημόται,
1095 409 1194 451 noti
1227 410 1345 452 inter
1365 426 1427 460 se,

98 473 345 531 multisque
363 472 775 516 necessitudinibus
795 479 1042 528 conjuncti,
1073 497 1153 536 per
1170 485 1315 523 XXXV
1336 482 1422 524 die-

92 559 201 588 rum
231 544 427 602 spatium
458 546 728 601 reliquarum
759 546 959 590 tribuum
986 552 1274 594 Senatoribus
1302 567 1426 608 prae·

97 616 234 674 positi
275 616 503 673 totiusque
539 615 824 669 Reipublicae
862 620 1110 678 principes,
1160 623 1197 664 si
1250 625 1424 681 quando

97 696 198 732 suas
227 703 419 746 suaeque
451 688 592 730 tribus
622 689 814 732 rationes
846 703 977 748 atque
1008 697 1242 736 commoda
1273 711 1296 739 a
1327 695 1423 737 reli-

96 775 288 818 quarum
317 759 520 801 tribuum
552 762 801 804 commodis
833 763 1047 807 dissidere
1064 765 1281 814 viderent,
1315 781 1425 808 con-

95 832 262 886 spirare
282 830 494 874 facillime
511 844 730 888 poterant,
763 846 897 892 atque
919 836 1065 884 obliti,
1096 851 1142 878 se
1162 851 1254 878 non
1284 836 1422 878 unius

24 944 31 950 ,
94 903 240 947 trib1ss
272 904 350 945 sed
381 901 615 944 universae
655 904 851 948 civitatis
893 908 1091 948 membra
1129 920 1240 954 esse,
1283 907 1423 963 magis

95 977 215 1032 quod
236 974 323 1016 sibi
355 974 550 1030 suisque,
585 991 716 1031 quam
744 980 866 1033 quod
897 976 1105 1020 omnibus
1138 980 1422 1032 conduceret,

93 1044 234 1102 sequi.
275 1047 425 1087 Adhoc
437 1045 531 1086 falli
556 1058 765 1102 poterant
786 1051 838 1090 ab
862 1048 1089 1105 improbis,
1120 1049 1346 1106 corrumpi
1368 1052 1423 1090 ab

94 1117 331 1174 opulentis,
362 1118 551 1160 terreria
574 1119 789 1173 factiosis,
814 1135 866 1162 eo
882 1120 1071 1170 facilius,
1093 1124 1211 1178 quod
1229 1121 1421 1178 paucio-

93 1205 160 1232 res
193 1200 318 1231 erant
347 1201 392 1231 et
410 1190 747 1233 omnibusnoti.
791 1193 1106 1247 Quamobrem,
1139 1205 1189 1235 ut
1208 1209 1263 1235 ne
1284 1209 1420 1251 quan-

92 1265 150 1304 do
179 1260 471 1317 Reipublicae
502 1264 761 1311 commoda,
805 1262 986 1305 illorum
1026 1264 1133 1306 fidei
1165 1265 1421 1316 commissa,

89 1335 417 1390 negligerentur
446 1345 524 1375 aut
553 1337 861 1390 proderentur,
895 1335 1119 1391 optimum
1150 1338 1320 1379 factum
1349 1337 1423 1378 vi-

88 1406 182 1450 deri
215 1405 386 1456 debuit,
414 1406 605 1464 reliquas
633 1421 810 1463 quoque
840 1406 981 1449 tribus
1012 1424 1034 1449 a
1066 1424 1241 1452 summa
1270 1425 1420 1457 rerum

89 1477 471 1522 administratione
500 1492 594 1519 non
623 1492 802 1533 prorsus
843 1479 1072 1534 prohiberi
1102 1493 1235 1537 atque
1265 1484 1419 1522 exclu-

90 1551 154 1602 di,
186 1564 370 1606 eamque
403 1551 459 1591 ob
498 1564 699 1598 causam,
743 1550 918 1605 quoties
950 1551 1000 1591 in
1032 1555 1197 1600 Senatu
1227 1564 1304 1594 aut
1335 1567 1418 1594 co-

88 1621 231 1665 mitiis
259 1619 440 1677 publica
477 1619 656 1676 negotia
689 1623 914 1662 tractanda
945 1634 1091 1671 erant,
1136 1639 1188 1665 ex
1217 1624 1273 1665 iis
1303 1639 1418 1682 quo-2

89 1708 177 1751 que
207 1691 436 1739 tribubus,
470 1705 659 1746 quarum
690 1706 784 1733 non
816 1703 908 1733 erat
935 1693 1171 1745 Prytania,
1205 1700 1418 1738 creaban-

87 1777 162 1808 tur
191 1762 356 1820 singuli
378 1760 479 1810 viri,
513 1761 591 1818 qui
621 1764 825 1805 adessent
843 1763 1126 1815 Prytanibus‚
1159 1777 1202 1808 et
1232 1767 1269 1809 si
1303 1768 1416 1824 quid

86 1840 140 1880 ab
173 1835 229 1877 iis
261 1834 357 1877 fieri
395 1833 622 1882 viderent,
665 1837 787 1891 quod
817 1837 937 1877 bono
968 1836 1151 1891 publico
1181 1838 1416 1897 legibusve

86 1907 364 1952 contrarium
405 1918 536 1956 esset,
579 1906 913 1953 intercederent
951 1919 1083 1965 atque
1112 1921 1334 1959 vetarent,
1375 1910 1414 1952 si

87 1981 198 2038 quid
237 1978 346 2035 ipsis
385 1981 672 2035 probaretur,
716 1979 1039 2029 consentirent,
1081 1996 1272 2038 eumque
1303 1996 1413 2024 con-

86 2067 267 2094 sensum
287 2050 486 2092 tribuum
516 2066 696 2092 suarum
725 2049 909 2092 nomine
939 2062 1223 2095 testarentur.
1284 2055 1414 2099 Sorte

87 2135 238 2166 autem
270 2121 559 2180 capiebantur
589 2133 631 2163 et
660 2124 715 2163 ad
743 2122 1055 2168 brevissimum
1086 2135 1284 2180 tempus,
1318 2138 1409 2181 quo

87 2195 238 2238 minor
269 2205 384 2236 esset
413 2192 594 2235 fallendi
640 2208 712 2235 eos
743 2206 818 2236 aut
849 2195 1167 2252 corrumpendi
1207 2196 1406 2246 facultas,

87 2267 252 2324 quippe
292 2280 395 2308 cum
437 2275 540 2306 ante
578 2264 707 2306 illum
739 2266 885 2324 ipsum
916 2266 1063 2316 diem,
1110 2281 1200 2324 quo
1240 2282 1407 2310 munus

84 2355 216 2382 suum
248 2337 538 2394 susciperent,
570 2337 753 2393 quinam
784 2339 926 2380 futuri
956 2349 1116 2388 essent,
1146 2339 1407 2382 nesciretur.

86 2435 143 2444 —-
163 2412 248 2454 Sed
266 2409 313 2451 hi
335 2407 549 2465 quoniam
584 2409 793 2453 omnibus
818 2414 1063 2465 Prytanum
1083 2410 1333 2457 actionibus
1355 2411 1405 2452 in

85 2485 251 2526 Senatu
272 2479 557 2538 comitiisque
585 2481 766 2522 aderant
796 2493 929 2538 atque
949 2481 1210 2534 intererant,
1240 2485 1403 2540 paulla-

84 2554 168 2595 tim
190 2553 355 2594 factum
387 2568 480 2595 esse
510 2552 710 2603 videtur,
741 2565 794 2599 ut
831 2554 1083 2616 promiscue
1121 2570 1225 2601 cum
1256 2559 1405 2608 Pryta-

85 2624 219 2666 nibus
251 2623 414 2667 officiis
445 2625 710 2682 quibusdam
731 2627 1031 2683 fungerentur,
1063 2642 1175 2684 quae
1204 2625 1404 2682 antiqui-

86 2683 160 2737 tus
188 2695 368 2738 illorum
397 2696 575 2754 propria
606 2697 807 2751 fuerant,
846 2713 934 2755 quo
964 2698 1014 2739 id
1053 2714 1231 2757 quoque
1261 2696 1404 2755 perti-
