1706 3058
273 171 341 199 xrt

269 265 406 311 unius
440 265 545 313 anni
571 265 763 323 epatium
795 266 1144 324 fungerentur&
1205 269 1413 313 Ceterum
1447 273 1587 329 qualis

269 350 374 382 ante
404 341 614 382 Solonem
648 340 833 379 Senatus
866 338 1022 388 fuerit,
1054 341 1122 381 vel
1156 340 1327 396 potius,
1361 345 1586 398 quodnam

267 409 507 464 collegium
538 407 705 464 publici
738 408 917 450 consilii
953 411 1102 451 locum
1136 411 1404 463 obtinuerit,
1435 414 1504 463 id,
1536 413 1586 455 in

268 479 632 522 testimoniorum
664 479 867 526 defectu,
901 481 1167 532 conjecturis
1200 493 1374 524 tantum
1407 483 1583 540 assequi

265 549 385 592 licet.
445 551 572 590 Certe
595 563 688 589 non
711 550 930 602 ejusmodi
957 552 1093 593 fuisse
1114 554 1377 609 collegium,
1411 554 1585 609 qualem

265 623 402 663 Solon
425 622 635 662 Senatum
663 619 886 674 instituit,
919 625 1037 678 quod
1067 638 1117 666 ex
1150 623 1359 665 omnibus
1391 622 1581 672 civibus,

262 706 358 732 non
379 690 612 737 ordinum,
644 693 721 732 sed
748 705 902 734 census
938 703 1111 735 tantum
1144 694 1400 741 discrimine
1432 696 1584 736 obser-

263 773 390 808 vato,
423 761 582 804 annuis
603 761 778 803 vicibus
803 762 960 805 sortito
991 776 1356 819 componeretur,
1389 780 1455 806 res
1486 764 1582 821 ipsa

263 835 424 875 docere
444 831 635 879 videtur.
667 834 970 876 Democratiae
994 834 1127 882 enim,
1152 849 1243 876 non
1263 834 1579 884 Aristocratiae,

262 904 404 962 qualis
429 914 531 945 ante
554 905 763 946 Solonem
794 904 974 951 Athenis
1003 903 1111 953 fuit,
1145 906 1363 957 ejusmodi
1402 918 1580 958 senatu?

258 971 467 1029 proprius
490 974 645 1031 est**).
685 975 886 1017 Forsitan
908 986 1058 1019 autem
1078 976 1287 1031 partium.
1309 975 1358 1017 in
1377 991 1483 1032 quas
1506 991 1582 1032 po-

255 1043 392 1099 pulus
417 1043 678 1087 distributus
706 1056 797 1087 erat
819 1043 1091 1100 antiquitus,
1123 1046 1343 1101 praesides
1379 1058 1424 1088 et
1453 1063 1582 1104 prae-

259 1113 390 1163 fecti,
432 1113 564 1156 etiam
603 1115 826 1158 senatorio
871 1130 1054 1157 munere
1090 1116 1397 1172 fungebantur.
1457 1120 1582 1174 Apud

254 1184 546 1240 Epidamnios
567 1198 684 1228 certe
712 1185 966 1230 Aristoteles
1001 1187 1153 1242 prodit
1185 1187 1385 1228 tribuum
1415 1189 1581 1244 praefe-

259 1267 370 1304 ctos,
404 1257 651 1313 φυλάρχους,
682 1257 829 1307 fuisse,
861 1272 1051 1315 quorum
1073 1259 1171 1300 loco
1201 1269 1354 1314 postea
1387 1269 1578 1308 senatus,
1643 1304 1645 1307 ,

257 1328 401 1389 βουλὴ,
421 1326 652 1373 institutus
673 1328 856 1378 sit***);
890 1340 1020 1384 atque
1038 1327 1236 1374 Athenien
1267 1328 1450 1382 Cylonis
1472 1340 1580 1373 tem..

257 1412 391 1457 pore,
423 1413 497 1440 eos
519 1399 597 1456 qui
621 1411 849 1457 praeerant
871 1397 1122 1451 Naucrariis
1137 1429 1148 1446 ‚
1182 1413 1403 1442 summam
1435 1401 1483 1440 in
1506 1406 1581 1443 re&-

254 1468 434 1526 publica
452 1481 715 1526 potestatem
735 1471 964 1519 habuisse,
997 1471 1250 1514 Herodotus
1275 1469 1574 1525 innuit****);

257 1541 380 1581 unde
414 1554 506 1581 non
539 1551 704 1581 temere
733 1539 940 1592 conjiciat
973 1536 1157 1597 aliqtiis,
1191 1555 1264 1585 eos
1295 1543 1349 1582 de
1381 1541 1576 1597 publicis

256 1609 451 1667 negotiis
474 1610 753 1652 consuluisse
771 1624 820 1651 ac
841 1609 1102 1654 decrevisse.
1142 1612 1230 1655 Sed
1252 1611 1301 1662 in
1324 1625 1370 1663 re
1391 1623 1481 1655 tam
1500 1615 1576 1657 ob·

258 1696 383 1723 scura
404 1680 619 1735 affirmari
648 1681 711 1722 nil
735 1691 893 1738 potestY

302 1818 335 1861 *)
360 1818 464 1852 Haec
495 1821 619 1854 omnia
644 1832 666 1855 e
686 1821 811 1866 Sigon.
835 1819 893 1853 ''de
920 1819 1014 1864 Rep.
1036 1818 1120 1854 Ath.
1143 1820 1192 1854 II.
1221 1832 1251 1853 c.
1273 1830 1306 1864 3.
1325 1821 1433 1855 Petit.
1462 1822 1503 1856 L.
1528 1822 1571 1857 L.

346 1881 389 1913 A.
409 1881 449 1913 A.
481 1882 551 1914 ΙΙΙ.
586 1893 614 1915 1.
643 1881 798 1927 aliisque
825 1880 1019 1914 notissima
1043 1886 1139 1914 sunt.
1185 1881 1228 1914 In
1254 1881 1320 1914 illo
1350 1882 1518 1917 examine
1535 1884 1571 1918 ἐ.

347 1937 545 1986 δοκιμασίᾳ
573 1942 732 1987 quilibet
753 1941 989 1976 candidatum
1003 1941 1200 1987 indignum
1217 1953 1393 1975 accusare
1411 1948 1572 1986 poterat,

345 2002 450 2043 cujus
471 2002 621 2046 generis
637 2003 913 2037 accusationem
936 2003 1134 2044 habemus,
1161 2002 1294 2047 Lysiae
1313 2009 1406 2037 orat.
1428 2003 1468 2036 in
1487 2003 1574 2037 Phi-

345 2060 422 2095 lon.
449 2073 484 2106 p.
518 2063 591 2101 136.
620 2069 657 2096 et
695 2062 967 2108 defensionem,
1002 2075 1055 2105 or,
1084 2075 1152 2108 pro
1171 2062 1409 2107 Mantitheo,
1433 2075 1469 2108 p.
1495 2073 1570 2111 145,

345 2121 404 2155 ed.
438 2122 567 2167 Steph.
940 2126 943 2131 “
1398 2112 1417 2134 ⁷*

299 2191 351 2235 ἢ)
378 2191 459 2225 Vid.
493 2192 645 2234 Ariston
663 2193 773 2232 Polit,
802 2195 863 2229 IV.
894 2203 945 2238 15.
982 2193 1102 2237 Βουλή
1131 2192 1337 2238 δημοτικόν,
1365 2195 1414 2237 cf,
1442 2195 1504 2229 VI.
1538 2207 1569 2229 2.

335 2248 766 2300 δημοτρκυῖτατονβουλνᾷ.
781 2254 873 2288 etih.
887 2259 918 2293 8.
934 2254 982 2288 cf.
999 2254 1301 2289 Heeren.1deen.
1316 2255 1384 2291 ΙΙΙ,
1401 2267 1428 2288 ι.
1442 2267 1476 2299 p.
1493 2265 1570 2300 253.

298 2319 370 2363 ***)
397 2319 506 2353 Arist.
538 2321 646 2355 Polit.
679 2323 722 2356 V.
753 2335 783 2356 e.
812 2335 840 2358 1.
864 2327 924 2358 καὶ
953 2322 992 2358 ἐν
1020 2320 1232 2366 Ἐπιδάμνῳ
1261 2320 1297 2357 δὲ
1321 2323 1520 2368 μετέβαλεν
1549 2323 1573 2368 ἦ

343 2379 514 2416 πολιτεία
555 2381 650 2418 κατά
682 2381 833 2429 μόριον·
880 2380 962 2419 α’ντὶ
991 2383 1061 2430 γάρ
1098 2383 1171 2419 ταῖν
1205 2380 1397 2437 φυλάρχων
1432 2381 1571 2428 βουλήν

344 2442 533 2485 εποίησαν.

298 2509 389 2553 ****)
417 2509 598 2544 Herodot.
625 2512 667 2545 V'.
691 2525 722 2546 c.
749 2526 805 2560 7¹·
832 2511 872 2549 οἱ
891 2509 1067 2558 πρυτάνις
1089 2513 1166 2550 ‘nav
1185 2509 1435 2558 Ναυκροῖρων,
1461 2512 1569 2559 οἵπερ

342 2569 470 2615 ἔνεμον
496 2567 581 2606 τότε
596 2570 659 2607 ταῖς
677 2570 854 2618 Ἀθήνας.
889 2576 1055 2608 Fuerunt
1081 2580 1208 2608 autem
1231 2572 1460 2607 Naucrariae
1478 2584 1567 2618 qua-

343 2631 517 2682 draginta
543 2638 650 2675 octo,
679 2634 873 2668 duodenae
899 2645 942 2668 ex
968 2645 1190 2680 unaquaque
1218 2633 1330 2677 tribu,
1383 2633 1497 2675 Plura
1521 2631 1569 2666 de

345 2690 388 2726 iis
411 2690 585 2726 dicentur
605 2693 727 2737 infra,
756 2695 821 2737 lib.
851 2695 921 2735 111.
942 2706 1021 2740 cap.
1048 2706 1076 2737 ι,
