1706 3058
1366 147 1445 206 191⁷

122 254 299 301 fuisset,
341 263 611 295 armamenta
649 253 848 303 nautica,
891 269 1002 311 quae
1042 257 1094 296 ab
1138 268 1188 296 eo
1229 254 1445 310 reipubli-

120 338 196 366 cae
235 325 521 372 deberentur,
569 338 593 364 e
633 326 819 366 Senatus
861 327 1066 366 consulto
1106 325 1319 382 exigeret,
1368 324 1444 365 illo

118 407 271 438 autem
303 385 351 437 eci
381 396 565 436 reddere
609 406 861 444 recusante,
913 395 1097 452 pignora
1137 412 1188 438 ex
1229 400 1321 447 ejus
1362 397 1446 437 do·-

114 481 190 508 mo
243 476 438 522 caperet,
489 480 569 521 per
614 465 710 506 vim
758 466 1037 522 prohibitum
1087 483 1181 509 esse
1234 483 1256 508 a
1301 469 1443 508 Theo-

116 541 309 594 phemo,
343 548 387 577 et
419 535 582 592 pugnis
616 548 869 581 contusum.
931 538 1098 579 Adiisse
1128 539 1267 595 igitur
1296 540 1349 579 ad
1370 541 1440 581 Se-

113 621 297 662 natum,
337 619 388 648 ut
431 609 485 648 de
515 611 597 649 hac
628 608 793 660 injuria
825 622 1192 664 conquereretur3
1226 612 1442 651 Senatum

115 693 267 723 autem
316 682 605 721 vehementer
652 691 959 728 commotum,
1011 679 1445 735 existimantemque,

114 767 209 793 non
242 763 331 792 tam
365 754 418 792 ad
449 741 612 807 ipsum*
641 751 719 807 qui
751 754 954 808 pulsatus
978 762 1104 804 esset,
1137 754 1213 793 sed
1243 754 1298 793 ad
1329 768 1441 794 rem-

114 822 340 875 publicam
374 837 422 864 ae
456 825 573 879 leges
615 823 736 863 illam
776 822 982 875 injuriam
1025 822 1269 878 pertinere,
1311 827 1441 880 εἰσαγ-

112 897 249 951 γελίαν
278 895 358 935 hac
390 896 443 934 de
474 909 520 934 re
547 895 606 934 ‘ad
638 908 683 934 se
707 893 865 934 deferri
887 892 1080 943 jussisse.
1123 895 1277 936 Delata
1309 885 1440 952 st'o‘aj‘-

114 969 227 1023 γελίᾳ
257 966 598 1020 Theophemum
631 979 653 1005 a
686 967 851 1006 Senatu
882 976 925 1005 et
955 966 1009 1005 ad
1041 967 1264 1007 reddenda
1295 982 1440 1007 arma-

112 1048 262 1078 menta
302 1037 673 1083 condemnatum,
728 1046 771 1076 et
817 1035 999 1092 insuper
1040 1036 1202 1092 viginti
1242 1037 1443 1093 quinque

114 1106 330 1150 drachmis
362 1108 626 1148 mulctatum
659 1121 762 1148 esse.
793 1132 851 1139 ——
906 1107 1315 1150 Extraordinarium
1354 1110 1441 1151 hoc

114 1181 249 1223 fuisse
281 1177 517 1226 delictum,
562 1192 695 1219 nemo
727 1193 820 1219 non
849 1177 1074 1235 intelligit.
1107 1205 1162 1211 —

198 1269 394 1310 Alterum
417 1266 669 1320 exemplum
703 1274 841 1305 exstat
871 1268 987 1322 apud
1008 1266 1262 1324 Lysiam³⁵).
1323 1269 1440 1316 Cum

114 1339 376 1382 institutum
408 1347 520 1377 esset
549 1335 753 1385 Athenis,
783 1347 835 1376 ut
863 1336 1150 1392 pauperiores
1183 1340 1327 1386 cives,
1361 1338 1439 1395 qui

109 1410 288 1454 ⁴victum
327 1406 412 1463 ipsi
454 1421 661 1462 quaerere
710 1421 790 1462 per
840 1407 1040 1463 corporis
1086 1409 1441 1454 imbecillitatem,

114 1497 207 1524 non
239 1489 442 1537 possent,
473 1477 753 1533 stipendium
784 1479 1004 1534 quoddam
1040 1494 1092 1520 ex
1122 1481 1284 1522 aerario
1316 1483 1439 1523 aeci-

112 1553 359 1613 perent²⁶)‚
401 1559 628 1590 accusatus
670 1560 735 1590 est
776 1549 927 1591 nescio
973 1550 1095 1606 quis,
1149 1554 1289 1608 quod,
1333 1567 1439 1594 cum

114 1638 298 1680 corpore
336 1619 438 1662 satis
479 1621 670 1670 valeret,
722 1632 852 1677 atque
895 1620 1032 1662 etiam
1070 1633 1208 1664 artem
1247 1625 1436 1671 calleret,

113 1697 235 1739 unde
281 1702 513 1749 quaestum
560 1691 703 1731 facere
741 1701 916 1746 posset,
968 1704 1116 1734 tamen
1165 1693 1440 1750 stipendium

112 1767 224 1809 illud
245 1763 469 1806 immerito
501 1761 756 1817 accepisset.
798 1765 1040 1805 Accusatus
1054 1775 1205 1806 autem
1231 1752 1295 1806 est
1318 1767 1437 1821 apud

113 1839 385 1885 Senatumffl)
430 1849 510 1890 per
551 1836 823 1891 εἰσαγγελίαν,
870 1835 1093 1891 siquidem
1135 1836 1241 1877 fides
1282 1834 1436 1882 haberi

114 1911 246 1952 debet
274 1908 453 1969 vulgato
484 1905 606 1948 illius
639 1903 847 1952 orationis
879 1905 1033 1954 titulo,
1076 1922 1206 1963 quam
1236 1921 1313 1961 pro
1345 1905 1436 1947 isto

115 1979 314 2022 invalido
345 1976 493 2031 Lysias
522 1976 810 2032 conscripsitz
843 1977 947 2033 πρὸς
975 1978 1048 2031 τὴν
1080 1981 1327 2034 εἰσαγγελίαν
1346 1981 1440 2033 περὶ

116 2058 191 2096 τοῦ
219 2051 273 2105 μή
315 2052 507 2093 δίδοσθαι
544 2054 601 2106 τῷ
639 2047 826 2108 ἀδυνάτῳ
865 2047 1073 2105 ἀργύριον.
1112 2063 1216 2091 uam
1254 2048 1302 2089 in
1341 2049 1434 2105 ipsa

119 2120 322 2166 oratione
349 2121 474 2162 nulla
501 2131 568 2162 est
595 2123 840 2178 εἰσαγγελίας
877 2119 1048 2163 mentio
1063 2118 1129 2176 ⁸⁸).

163 2287 225 2331 85)
252 2286 358 2323 Orat.
387 2285 519 2320 XXIV.
545 2298 580 2332 p.
617 2287 693 2327 168.

165 2378 225 2422 86)
251 2378 299 2412 of.
321 2377 485 2412 Boeckh.
512 2378 817 2414 staatshaushalt.
845 2379 879 2413 d.
912 2377 996 2414 Ath.
1024 2379 1054 2414 1.
1079 2390 1116 2425 p.
1140 2379 1218 2414 260.

166 2472 225 2516 87)
254 2470 303 2504 cf.
328 2469 480 2505 Herald.
508 2457 702 2507 Animadv.
729 2473 800 2507 ΙΙΙ.
822 2477 855 2513 8.
883 2473 919 2518 §
946 2485 978 2507 2.

167 2561 226 2605 88)
254 2563 464 2597 Boeckhius
491 2563 666 2608 quidem,
697 2564 724 2598 1.
750 2565 776 2599 l.
804 2577 839 2610 p.
869 2565 941 2599 261.
968 2571 1045 2599 not.
1071 2575 1150 2609 404.
1177 2564 1274 2598 hanc
1306 2559 1442 2594 oratio-

122 2632 209 2655 nem
227 2622 382 2667 μελέτην
404 2629 560 2665 tantum,
586 2636 662 2658 non
685 2636 817 2659 verum
842 2622 963 2672 ἀγῶνα
987 2637 1070 2659 esse
1089 2631 1215 2670 putat5
1242 2621 1307 2657 sed
1332 2630 1444 2669 quam

131 2682 249 2716 affert
270 2684 456 2719 rationem
471 2710 480 2727 ‚
505 2697 588 2720 eam
612 2697 674 2721 me
696 2697 770 2718 non
798 2687 887 2720 satis
910 2686 1056 2733 assequi
1073 2686 1205 2720 fateor.
