1706 3058
1359 157 1418 216 89

173 265 370 312 Corsinii
398 266 585 324 vestigia
618 262 795 311 secutus
838 278 902 310 est
932 272 1026 322 ejus
1053 257 1418 324 popularis'Bia-

85 340 184 399 gius
202 343 295 391 ¹⁴),
324 336 433 381 novi
464 338 579 380 nihil
600 338 648 379 in
670 341 873 381 medium
912 339 1084 389 attulit,
1113 350 1421 396 praeterquam

88 400 209 469 quod
228 409 433 452 Proedris
464 409 793 454 contribulibus
817 412 861 453 in
893 415 1058 454 Senatu
1089 425 1267 467 quoque
1295 409 1418 453 idem

87 481 236 523 otium
256 481 384 535 facit,
422 482 545 538 quod
567 481 622 523 iis
647 481 693 523 in
718 482 918 524 comitiis
948 484 1116 525 factum
1150 491 1240 523 erat
1262 495 1284 521 a
1307 482 1419 523 Cor-

85 551 216 596 sinio.
278 554 442 594 Nostra
477 555 660 594 demum
699 565 843 595 aetate
885 565 1061 594 exortus
1089 564 1154 593 est
1184 551 1419 602 Luzacius,

88 623 167 680 qui
201 626 328 664 hunc
355 625 410 664 de
441 623 644 666 Proedris
677 635 722 665 et
760 623 967 676 Epistatis
1008 625 1156 664 locum
1197 626 1342 666 denuo
1371 625 1421 666 in

89 693 450 751 disquisitionem
472 694 663 742 vocavit,
686 695 962 751 invictisque
980 695 1248 750 argumentis
1274 695 1322 736 in
1345 698 1423 738 de-

88 781 191 810 cem
210 767 428 811 Proedros
453 766 730 807 contribules
752 781 996 822 eorumque
1015 765 1246 821 Epistaten
1274 769 1424 809 confe-

84 838 224 880 ¹reuda
253 851 345 878 esse
373 837 702 879 demonstravit
743 853 792 880 ea
824 837 1000 884 omnia,
1049 852 1161 893 quae
1198 839 1424 889 Patavius,

88 908 286 956 Pefflus,
315 909 543 955 posterus,
577 908 832 958 Corsinius,
863 907 1044 964 Bingius
1075 908 1298 966 ceterique
1334 924 1427 952 om·

89 995 168 1025 nes
191 993 356 1020 novem
376 993 500 1020 notz-
516 979 842 1022 contribulibus
865 979 1142 1020 attribuenda
1171 995 1264 1021 esse
1292 992 1425 1036 puta..

88 1061 260 1092 verant.
319 1053 503 1095 Verum,
538 1047 652 1091 sicut
673 1053 756 1091 hac
777 1051 824 1091 in
850 1062 971 1106 parte
1001 1050 1302 1093 libentissime
1329 1053 1424 1095 viro

91 1119 271 1179 egregio
293 1118 531 1167 assentior,
572 1119 632 1160 ita
651 1133 828 1174 prorsus
849 1121 955 1163 falsa
980 1133 1023 1163 et
1042 1121 1192 1163 inania
1216 1138 1306 1165 esse
1331 1139 1429 1167 cen·

91 1208 190 1244 seo,
224 1206 339 1248 quae
360 1192 414 1231 de
438 1191 739 1231 Proedrorum
761 1192 1218 1236 non-contribulium
1240 1212 1429 1240 munere

93 1267 147 1307 ab
179 1279 231 1306 eo
267 1262 576 1317 disputantur,
620 1271 698 1302 aut
728 1262 861 1304 nullis
893 1274 970 1305 aut
990 1278 1083 1306 non
1107 1277 1223 1308 certe
1248 1267 1427 1311 idoneis

92 1332 366 1393 argumentis
393 1333 671 1374 confirmata.
732 1335 818 1375 Sed
839 1338 929 1386 jam
960 1335 1129 1392 singuIa
1165 1338 1320 1381 ordine
1352 1357 1431 1383 exa·

87 1405 304 1464 ponenda
325 1415 456 1457 sunt3
488 1419 538 1446 ac
567 1403 768 1460 primum
801 1406 984 1462 quidem
1017 1412 1278 1465 repetenda,
1322 1428 1431 1469 quae

94 1494 119 1520 a
149 1475 344 1519 Luzacio
376 1486 532 1516 contra⁴
557 1475 817 1517 Corsinium
850 1478 1132 1533 disputantur
1164 1483 1261 1534 (cui
1288 1484 1431 1525 labori

93 1548 289 1591 libenter
319 1559 572 1602 parcerem,
607 1545 695 1586 nisi
727 1549 996 1600 praeclaram
1027 1551 1149 1592 illam
1178 1555 1233 1594 de
1254 1557 1431 1598 Socrate

97 1618 212 1660 Cive
238 1615 487 1658 orationem
508 1616 626 1656 haud
653 1614 715 1655 ita
746 1617 898 1658 multis
929 1618 978 1659 in
1008 1623 1243 1666 Germania
1277 1640 1431 1670 notam

99 1704 193 1732 esse
213 1683 430 1741 viderem)
463 1687 571 1726 haec
595 1684 736 1740 igitur
765 1693 1024 1743 repetenda3
1062 1694 1187 1744 dein,
1228 1711 1343 1751 quae
1377 1701 1430 1740 ab

81 1760 177 1803 ‘illo
198 1755 507 1816 praetermissa
534 1766 662 1801 sunt.
698 1758 919 1814 addend33
948 1764 1142 1821 denique
1163 1767 1303 1823 ipsius
1327 1785 1432 1812 con-

96 1835 269 1888 jectura
289 1831 342 1871 de
358 1827 654 1873 Proedrorum
680 1833 1143 1879 non-contribulium
1173 1838 1336 1882 officiis
1367 1857 1431 1883 re-

98 1902 303 1944 fellenda.

185 1989 250 2034 Ac
281 1987 481 2048 primum
516 1986 699 2045 quidem
713 1994 730 2040 ,'
773 2006 842 2034 res
874 1994 927 2036 de
958 1994 1122 2051 quibus
1150 2002 1433 2043 tractandum

82 2056 195 2101 'erat
213 2058 262 2099 in
287 2058 508 2107 comitiis,
544 2063 712 2116 populo
735 2078 1007 2120 proponere,
1052 2070 1236 2112 Senatus
1263 2074 1433 2114 consu!-

99 2141 199 2172 tum
222 2129 434 2177 recitare,
470 2144 549 2171 seu
571 2132 720 2183 potius
749 2135 1025 2179 recitandum
1056 2154 1205 2182 curare
1241 2146 1436 2195 oratori-

79 2202 275 2262 -busque
309 2200 490 2242 dicendi
522 2214 784 2258 potestatem
812 2207 976 2257 facere,
1020 2225 1132 2269 quae
1164 2213 1313 2254 omnia
1344 2232 1437 2259 uno

81 2273 241 2338 “verbo
270 2275 526 2327 χρηματίζειν
552 2272 787 2326 dicuntur,
834 2280 944 2322 haec
975 2279 1112 2336 igitur
1137 2283 1436 2330 Proedrornm

84 2340 435 2406 *contribulium
462 2341 624 2393 fuisse,
657 2346 734 2402 qui
757 2363 780 2389 e
797 2351 1062 2403 Pryt'anibus
1086 2366 1229 2404 erant,
1262 2359 1440 2401 demon·

102 2412 243 2454 st'rant
264 2413 374 2469 legis
397 2412 537 2469 ipsius
558 2418 716 2470 verba,
747 2434 859 2475 quae
882 2436 904 2462 a
927 2425 1227 2468 Demosthene
1257 2428 1305 2469 in
1337 2445 1436 2472 ora-

104 2481 231 2524 tione
261 2494 415 2529 contra
442 2478 629 2530 Midiam
655 2488 917 2534 afferuntur:
958 2494 1061 2546 Τοῦς
1092 2498 1320 2552 Πρυτάνεις
1350 2520 1436 2545 ποι·

108 2559 170 2596 εῖν
210 2555 424 2610 ἐκκλησίαν
464 2559 506 2601 ἐν
549 2560 758 2605 Διονύσου
798 2569 850 2621 τῇ
886 2562 1078 2629 ὑστεραίᾳ
1107 2575 1187 2613 τῶν
1220 2576 1437 2622 Πανδίων4

157 2679 218 2723 24)
241 2679 302 2715 Do
320 2681 478 2720 Decret.
498 2684 634 2720 Athen.
654 2698 734 2734 cap.
759 2689 865 2725 XIII.
