1706 3058
1309 111 1393 166 275

68 230 117 270 in
159 227 380 279 ejusmodi
423 228 572 282 legum
613 222 828 265 lationem
870 224 1186 267 consentirent.
1245 230 1388 286 Atque

65 302 180 341 hanc
213 300 267 339 ob
290 312 463 338 causam
486 298 806 338 Demosthenes
827 297 1006 351 passim,
1038 297 1114 339 ubi
1137 302 1386 346 accuratior

65 371 130 413 rei
164 367 398 426 explicatio
429 366 607 408 inutilis
640 367 777 415 foret,
811 366 872 408 ita
901 369 1117 424 loquitur,
1151 372 1273 426 quasi
1300 374 1385 427 pri.

63 439 242 498 vilegiis
274 441 423 480 nullus
456 438 640 479 omnino
673 439 795 480 locus
826 438 873 479 in
902 440 1128 496 republica
1158 441 1304 486 Attica
1324 461 1386 487 re·

63 515 194 555 lictus
228 509 434 564 fuerit⁵⁴).

150 581 274 624 Huic·
300 583 353 621 de
384 579 632 638 privilegiis
663 581 932 638 praescripto
964 596 1055 623 non
1087 585 1291 629 absimile
1323 601 1388 631 est

64 655 200 704 illud,
242 653 364 709 quod
397 653 446 693 in
476 654 628 694 eadem
656 652 972 694 Demosthenis
1013 654 1212 698 oratione
1243 659 1389 702 inser-

63 737 159 767 tum
193 722 349 770 exstat,
385 725 438 764 de
470 723 613 779 capite
647 724 881 765 diminutis
913 736 958 766 et
985 727 1138 768 aerarii
1172 730 1388 774 debitori-

64 800 169 839 bus.
219 794 505 837 Interdicitur
536 794 655 835 enim
695 795 799 847 illo,
840 811 897 837 ne
929 811 1031 838 cum
1070 803 1238 854 populo
1285 817 1390 860 aga-

64 879 134 908 tur
167 868 220 907 de
252 866 326 914 iis,
379 866 457 922 qui
491 866 634 921 capite
680 867 889 909 diminuti
931 869 1043 917 sint,
1086 870 1133 910 in
1165 872 1388 930 integrum

62 938 378 984 restituendis,
420 953 533 978 neve
567 939 620 979 de
652 939 730 987 iis,
775 939 851 995 qui
881 952 957 981 aut
995 942 1178 996 publico
1209 934 1287 987 aut
1317 963 1390 989 sa·-

65 1008 147 1050 cris
188 1013 382 1049 Deorum
428 1007 603 1049 aerariis
637 1011 847 1059 debeant,
895 1012 1043 1053 debito
1077 1026 1153 1055 aut
1185 1027 1280 1058 toto
1313 1031 1389 1060 aut

65 1096 117 1123 ex
148 1090 270 1136 parte
301 1079 524 1131 levandis,
565 1078 654 1120 nisi
688 1079 773 1129 ita,
813 1083 848 1123 si
878 1097 950 1122 sex
981 1083 1120 1124 millia
1152 1088 1268 1128 haud
1299 1090 1389 1130 mi-

62 1167 148 1194 nus
191 1150 357 1193 civium
399 1150 446 1190 in
489 1149 708 1191 concione
749 1151 1064 1208 impunitatem
1104 1156 1242 1197 actori
1275 1173 1388 1200 con..

62 1220 274 1264 cesserint
302 1219 521 1276 suffragiis
555 1221 766 1272 occultis;
808 1235 939 1280 atque
978 1236 1088 1267 tunc
1119 1225 1180 1266 ita
1219 1228 1290 1284 agi
1329 1230 1390 1270 li-

62 1305 170 1342 ceat,
202 1303 334 1348 prout
359 1295 544 1334 Senatus
565 1294 844 1348 populusque
863 1297 1141 1350 statuerit⁵⁵).
1172 1321 1228 1330 —-
1285 1301 1388 1342 Pro-

60 1365 157 1423 prie
189 1363 368 1420 quidem
398 1366 486 1403 hoc
517 1363 836 1419 praescriptum
869 1367 924 1405 ad
953 1366 1257 1422 Psephismata
1288 1386 1386 1426 per-

64 1436 232 1483 tinuit;
266 1437 342 1477 sed
370 1433 465 1475 fieri
497 1445 645 1476 tamen
676 1435 840 1491 potuit,
872 1448 923 1479 ut
952 1452 1043 1478 non
1074 1438 1225 1483 minus
1257 1440 1306 1483 in
1328 1443 1389 1484 le·

107 1611 167 1654 54)
194 1608 391 1644 Demosth.
419 1608 499 1642 adv.
526 1609 742 1643 Aristum-at.
769 1622 805 1655 p.
832 1613 908 1658 649.
936 1612 976 1646 in
1008 1613 1251 1657 Stephanum.
1288 1628 1320 1657 2,
1346 1627 1382 1660 p.

67 1682 169 1715 1152,
197 1669 331 1716 quibus
355 1676 483 1703 tamen
508 1669 601 1702 locis
626 1671 865 1714 abuteretur,
901 1678 1013 1717 puto,
1040 1673 1070 1706 si
1095 1674 1197 1720 quis,
1226 1681 1265 1708 ut
1287 1676 1387 1720 Tay-

64 1732 165 1765 lorus
192 1731 239 1764 ad
265 1743 318 1764 or.
345 1730 385 1763 in
409 1731 574 1763 Timocr.
600 1730 625 1764 1.
652 1731 676 1764 1.
703 1731 909 1766 Andocidei
932 1733 1007 1766 loci
1031 1734 1252 1778 immemor,
1279 1734 1386 1770 illam

64 1791 344 1836 exceptionem:
380 1789 444 1826 ἰσὶν
474 1791 526 1836 μή
557 1810 604 1818 ——
625 1811 682 1825 —.
706 1790 866 1838 κρύβδην
898 1794 1181 1839 ψηφιζομένοις,
1218 1797 1387 1841 spuriam

62 1853 337 1899 pronuntiaret.

107 1923 167 1967 55)
203 1920 401 1955 Demosth.
434 1920 516 1954 adv.
551 1921 752 1955 Timocrat.
788 1933 824 1966 p.
859 1934 937 1969 714.
974 1934 1026 1968 sq.
1059 1922 1163 1967 Μηδὲ
1194 1929 1280 1969 περὶ
1311 1925 1387 1960 τοῖν

64 1981 226 2027 ἐτίμων,
252 1980 349 2016 ὅπως
372 1979 438 2024 χρὴ
463 1980 652 2024 ἐπιτίμους
676 1977 805 2018 αιῗτούς
828 1983 943 2024 εἶναι,
970 1981 1059 2028 μηδὲ
1084 1989 1167 2028 περὶ
1193 1983 1266 2019 τῶν
1291 1983 1388 2029 ὀφει-

63 2040 204 2078 λόντων
228 2044 305 2078 τοῖς
332 2041 432 2076 θεοῖς
456 2040 480 2085 ἢ
503 2040 556 2084 τῷ
579 2038 737 2085 δημοσίῳ
765 2041 838 2078 τῶν
862 2040 1095 2088 Ἀθηναίων,
1120 2049 1204 2088 περὶ
1230 2040 1387 2087 ἐφέσεως

62 2103 132 2140 τοῦ
155 2099 365 2149 ὀφλήματος
388 2098 411 2144 ἢ
434 2097 588 2143 τάξεως,
625 2101 688 2148 {civ
711 2101 763 2146 μή
787 2104 1050 2147 ψηφισαμένων
1082 2100 1296 2147 ’Λθηναίων
1319 2103 1388 2148 τήν

63 2162 190 2199 ἄδειαν
212 2161 382 2208 πρῶτον,
414 2160 465 2205 μή
496 2162 650 2197 ἔλαττον
685 2163 952 2207 ἑξακισχιλίων,
988 2161 1040 2199 οἷς
1074 2161 1120 2197 ἂν
1153 2159 1260 2209 δόξῃ,
1298 2161 1391 2207 κρύ-

63 2223 156 2271 βδην
182 2223 452 2269 ψηφιζομένοις.
480 2219 564 2255 τότε
589 2219 620 2257 δ’
643 2222 778 2264 ἐξεῖναι
800 2224 1054 2267 χρηματίζειν,
1090 2220 1177 2259 καθ’
1211 2221 1253 2267 ὅ,
1280 2239 1317 2260 τι
1343 2222 1389 2260 ἂν

64 2284 112 2332 τῇ
140 2283 256 2330 βουλῇ
287 2286 347 2316 καὶ
382 2281 436 2326 τῷ
469 2280 569 2327 δήμῳ
602 2279 702 2329 δοκῇ.
764 2283 864 2328 Quid
896 2283 990 2316 illud
1025 2284 1088 2317 sit:
1124 2287 1207 2327 περὶ
1239 2281 1388 2326 τάξεως,

66 2345 247 2389 Ulpianus
279 2343 391 2377 docet
410 2342 457 2376 ad
480 2342 516 2375 h.
544 2343 568 2376 l.
594 2354 630 2387 p.
655 2353 734 2387 450.
760 2344 854 2377 Ben.
885 2355 1109 2389 quamquam
1133 2344 1163 2377 is
1187 2344 1291 2377 locus
1311 2356 1389 2378 non

66 2405 154 2439 satis
181 2416 291 2437 sanus
316 2404 476 2437 videtur.
528 2404 624 2436 Nam
656 2410 698 2437 ut
727 2415 827 2437 nunc
859 2405 1022 2448 legitur,
1056 2405 1185 2449 ἄφεσιν
1212 2405 1387 2450 explicat,

66 2478 162 2513 quae
186 2466 291 2499 nulla
315 2463 566 2508 explicatione
590 2470 695 2509 eget,
741 2470 778 2498 et
801 2464 853 2499 ita
878 2465 1051 2510 quidem,
1086 2471 1126 2499 ut
1149 2465 1389 2510 perspicuum

68 2528 138 2570 sit,
182 2537 266 2560 eam
304 2526 593 2570 explicationem
626 2525 673 2559 ad
704 2524 808 2568 τάξιν
840 2526 1044 2570 pertinere.
1102 2525 1176 2559 Sed
1207 2525 1390 2559 excidisse

67 2588 251 2622 nonnulla
273 2587 463 2625 videntur.
506 2589 687 2622 Ceterum
710 2585 757 2620 de
775 2587 861 2631 lege
877 2586 949 2620 ista
965 2585 1064 2620 conf.
1091 2585 1232 2620 Bockh.
1255 2586 1388 2620 Staats-

68 2648 253 2685 haushalt.
281 2648 316 2684 d.
342 2648 476 2685 Athen.
513 2649 621 2684 Tom.
648 2648 677 2683 I.
703 2647 783 2689 Lib.
809 2649 881 2684 111.
902 2648 942 2692 ¹§.
971 2658 1024 2693 13.
1051 2653 1145 2681 extr.

1019 2711 1113 2748 T2
