1706 3058
247 102 329 143 500

246 204 430 247 Dianam
460 204 716 261 perhibent,
749 214 879 261 atque
908 206 1141 253 Sabazius,
1174 218 1303 261 quem
1333 207 1555 249 Bacchum

246 290 337 318 esse
367 278 546 323 volunt,
593 279 708 328 Hycs
740 287 782 317 et
810 279 956 326 Attes,
997 275 1195 332 Phrygii,
1229 289 1421 331 quorum
1452 289 1553 321 cum

247 359 477 389 contemtu
508 349 824 388 Demosthenes
856 346 1063 388 meminit
1095 347 1139 387 in
1171 345 1369 388 oratione
1400 346 1453 387 de
1483 359 1554 387 co·

246 422 402 466 ronzffl),
436 415 600 472 aliique
631 429 849 472 praeterea
881 418 1022 462 multi.
1083 421 1193 459 Nam
1227 415 1357 458 etiam
1388 415 1556 457 Tribal-

242 491 332 528 lum
355 489 574 542 quendam
605 491 749 528 Deum
771 490 935 533 πάντων
960 489 1270 546 βαρβαρώτατον
1300 486 1556 543 Aristopha-

243 561 391 612 nes⁹)‚
435 559 576 599 multo
610 573 710 599 cum
754 559 843 601 risu
884 559 931 601 in
964 575 1140 601 scenam
1170 559 1395 615 producit,
1433 555 1558 613 quasi

241 644 296 669 ne
326 628 511 669 ultimae
542 628 723 684 quidem
746 631 964 672 barbariae
990 629 1226 687 religiones
1247 633 1298 674 ab
1322 628 1557 676 Athenien-2

240 699 361 740 sibus
403 698 625 740 fastiditae
664 699 766 743 sint.

327 771 456 811 Tales
494 768 631 825 igitur
671 771 753 812 Dei
798 771 905 813 novi
943 783 1018 813 aut
1057 770 1330 827 alienigenae
1375 769 1558 812 nonnisi

239 841 392 898 populi
426 846 543 894 jussu
574 842 756 884 adscisci
784 854 1014 899 poterant,
1051 843 1290 898 falsamque
1323 856 1415 884 esse
1447 851 1557 898 puto

242 927 395 955 eorum
435 912 725 961 sententiam,
782 912 861 970 qui
897 913 1109 970 Areopagi
1148 916 1263 955 hanc
1303 913 1436 955 fuisse
1475 925 1559 968 po-

240 995 443 1025 testatem
474 983 765 1029 tradiderunt.
824 987 880 1026 At
917 985 955 1026 si
998 986 1093 1042 quis
1133 998 1224 1026 non
1257 983 1448 1027 adscitos
1479 997 1560 1038 pu·

239 1054 354 1095 blice
391 1058 510 1096 Deos
559 1054 734 1110 privato
786 1055 974 1098 consilio
1025 1057 1190 1103 colere,
1241 1068 1468 1110 novasque
1518 1062 1561 1094 et

241 1124 414 1180 ignotas
445 1124 732 1167 caerimonias
764 1126 975 1168 invehere
1006 1127 1210 1174 auderet,
1242 1127 1296 1166 de
1328 1139 1379 1166 eo
1411 1122 1560 1165 crimi-

240 1211 297 1236 ne
326 1197 602 1252 Areopagum
631 1197 847 1248 judicasse
878 1208 1050 1238 certum
1083 1207 1171 1244 est,
1205 1207 1250 1237 et
1277 1198 1412 1251 vulgo
1442 1209 1561 1251 quo-

239 1281 345 1324 que,
374 1268 443 1306 vel
476 1282 528 1306 ex
559 1266 662 1307 Divi
691 1268 814 1309 Pauli
839 1267 1035 1313 historia,
1068 1281 1160 1306 non
1191 1266 1558 1322 incognitum¹⁰).

240 1338 327 1381 Sed
357 1339 408 1377 ab
441 1339 528 1377 hoc
560 1336 748 1379 crimine
788 1335 1153 1392 distinguendum
1186 1347 1251 1379 est
1281 1336 1452 1378 crimen
1478 1337 1561 1378 im-

239 1407 419 1465 pietatis
449 1406 676 1463 (ἀσεβείας)
701 1423 812 1463 quae
842 1419 1012 1450 constat
1041 1422 1133 1453 non
1165 1407 1298 1449 novis
1329 1407 1560 1463 religioni-

238 1484 319 1522 bus
359 1490 523 1521 temere
563 1477 888 1535 suscipiendis,
934 1480 1012 1520 sed
1051 1478 1274 1525 veteribus
1317 1477 1562 1534 patriisque

240 1552 319 1595 Dis
351 1566 401 1592 ac
431 1549 563 1592 sacris
595 1549 937 1592 contemnendis
967 1560 1042 1591 aut
1081 1549 1347 1592 temerandis
1379 1562 1429 1591 ac
1457 1550 1562 1605 pol-

241 1622 432 1666 luendis.
509 1623 660 1663 Potest
708 1619 891 1677 quidem
950 1635 1274 1677 nonnunquam
1321 1629 1564 1676 utrumque

287 1789 322 1830 8)
349 1784 546 1821 Demosth.
574 1783 620 1818 de
645 1795 773 1818 coron.
799 1796 835 1828 p.
862 1795 941 1828 313.
970 1791 1008 1818 et
1029 1784 1083 1817 ibi
1109 1784 1242 1828 inttpp.
1276 1784 1322 1818 cf.
1360 1783 1480 1818 Strab.
1512 1784 1560 1826 X.⁴

243 1862 278 1894 p.
302 1860 380 1895 722.
406 1858 438 1880 c.
462 1846 553 1890 ibiq.
581 1845 734 1880 Casaub.
766 1845 900 1878 Cicero
920 1844 967 1878 de
992 1845 1107 1890 Legg.
1138 1846 1186 1878 ΙΙ.
1214 1855 1292 1889 cap.
1323 1854 1376 1890 15,

287 1941 324 1986 9)
351 1941 464 1981 Aves,
491 1951 524 1971 v.
555 1937 653 1981 1565.
682 1948 736 1982 sq.

293 2033 348 2075 ιο)
384 2032 467 2064 Huc
500 2031 665 2074 pertinet
695 2030 915 2075 Harpocrat.
949 2029 989 2062 in
1024 2029 1218 2065 ἐπιθέτους
1253 2026 1393 2073 ἑορτάς.
1419 2026 1564 2076 {Mrem

246 2093 282 2128 δὲ
305 2088 392 2136 παρ’
418 2087 542 2127 αὐτοῖς
566 2094 626 2125 καὶ
652 2087 810 2125 ἕπίθετοὶ
834 2103 937 2131 τινα,
975 2090 1110 2134 (suppl.
1137 2087 1234 2136 ἱεροί)
1262 2087 1380 2125 ὁπόσα
1410 2088 1462 2134 μή
1484 2088 1559 2125 πά-

245 2167 331 2199 τρια
355 2151 445 2186 ὄντα
469 2147 492 2194 ἦ
516 2149 554 2192 ἐξ
577 2147 723 2197 Ἀρείου
747 2148 872 2196 Πάγου
903 2148 1017 2194 βουλὴ
1052 2147 1227 2191 ἐδίκαζεν.
1285 2150 1338 2183 Ex
1370 2149 1442 2183 hoc
1474 2149 1558 2183 loco

248 2225 323 2247 non
349 2212 436 2246 satis
459 2217 566 2246 recte
590 2210 786 2244 intellecto
812 2210 918 2243 fluxit
942 2210 1030 2252 ille,
1067 2221 1179 2255 quem
1202 2209 1328 2254 tetigi,
1362 2220 1468 2243 error
1493 2211 1560 2243 Pe-

246 2273 327 2315 titi‚
355 2275 469 2317 Legg.
496 2274 570 2306 Att.
596 2285 633 2318 p.
660 2273 730 2317 69„
757 2282 980 2316 eorumque,
1016 2270 1080 2316 qui
1119 2281 1313 2316 nunquam
1347 2281 1423 2303 non
1460 2270 1560 2304 Peti-

247 2341 327 2368 tum
353 2339 578 2378 sequuntur,
605 2332 767 2375 Potteri,
796 2333 844 2367 ΙΙ.
875 2344 901 2365 1.
928 2344 964 2377 p.
991 2341 1069 2376 453.
1096 2331 1271 2373 Pfeiferi,
1305 2332 1335 2364 Ι.
1364 2343 1413 2365 12.
1439 2342 1476 2376 p.
1505 2343 1558 2376 ¹9·

247 2396 370 2437 Bosfi,
407 2396 434 2428 Ι.
472 2406 501 2428 2.
538 2404 573 2437 p.
600 2405 632 2437 9.
683 2391 755 2426 Sed
785 2390 941 2434 δικάζειν
973 2390 1053 2437 ἱεροὶ
1085 2391 1241 2427 ἐπίθετα
1273 2402 1463 2438 nunquam
1488 2390 1561 2425 dici

247 2462 372 2501 potest
396 2455 448 2498 is,
475 2455 540 2501 qui
565 2453 609 2487 de
633 2454 738 2487 novis
763 2453 997 2488 caerimoniis
1023 2451 1241 2499 adoptandis
1267 2457 1332 2485 aut
1361 2450 1560 2496 repudian—

249 2517 301 2550 dis
338 2516 529 2558 decernit,
563 2514 623 2548 vel
661 2515 723 2559 qui
760 2513 806 2547 de
838 2518 984 2547 temere
1015 2513 1175 2546 invectis
1199 2514 1255 2555 jus
1282 2512 1392 2546 dicit:
1431 2523 1560 2558 quam·

247 2589 357 2623 quam
391 2576 516 2622 paullo
553 2575 775 2612 insolentius
817 2572 972 2616 δικάζειν
1017 2585 1102 2613 cum
1142 2573 1349 2615 accusativo
1392 2577 1559 2608 constru-

249 2643 357 2672 ctum
379 2643 444 2672 cst.

1696 2912 1706 2990 —=..
1699 2826 1706 2849 -1
