1706 3058
1318 70 1395 111 501

79 185 578 233 crimenconjunctum
608 193 720 228 esse,
753 180 879 219 velut
908 179 1107 219 Socrates
1139 176 1401 231 arguebatur

80 259 134 300 ab
178 251 533 297 accusatoribusx
584 249 762 302 οἷδικεΐν,
806 249 882 299 οὕς
921 251 992 304 μὲν
1033 247 1059 303 ἡ
1097 247 1213 298 πόλις
1248 252 1403 309 νομίζει

80 326 232 379 θεοὺς,
264 323 312 367 οὗ
343 327 543 378 νομίζειν,
576 322 704 379 (haec
734 332 799 362 est
829 319 1014 376 ἀσέβεια)
1056 323 1168 376 ἕτερα
1208 321 1251 362 δὲ
1283 318 1406 361 καινὰ

80 398 272 453 δαιμόνια
303 397 527 451 εἰσφέρωνι
558 407 650 434 non
672 404 821 435 tamen
841 391 1086 434 necessario
1106 406 1280 448 semper
1300 405 1404 432 cons

80 475 233 524 juncta
270 478 392 512 sunt.
467 467 582 508 Nam
620 466 894 520 Anaxagoras
943 464 1131 520 quidem<
1163 461 1405 515 impietatis

81 550 311 582 accusatus
343 548 422 583 est,
453 549 546 577 non
578 537 697 592 quod
730 549 868 576 novos
899 539 1017 578 Deos
1048 533 1299 587 intulisset,
1331 537 1406 576 sed

82 611 204 666 quod
233 609 379 650 Solem
411 622 599 649 massam
631 621 722 649 esse
753 609 1016 649 candentem
1050 607 1272 659 docuerat,
1302 608 1404 647 Pro·

81 692 248 737 tagoras
280 689 453 726 autem,
495 679 614 732 quod
647 676 848 719 dubitare
880 693 925 720 se
956 677 1206 730 scripserat,
1239 688 1408 718 essent·

80 767 138 794 ne
168 750 246 792 Dii
276 763 360 791 nec
390 763 445 790 ne
477 759 633 801 essent,
664 748 879 805 Diagoras
902 760 945 790 et
976 749 1253 795 Theodorus,
1288 749 1409 803 quod

81 839 177 865 esse
228 821 413 863 omnino
460 822 580 861 Deos
632 831 919 876 negaverant,
969 820 1233 872 Aeschylus,
1287 821 1409 874 quod

82 895 307 950 evulgasse
358 891 676 945 mysteriorum
727 905 881 932 arcana
929 891 1179 946 putabatur.
1255 889 1410 932 Variae

82 976 233 1007 autem
273 967 405 1015 hujus
453 962 652 1004 criminis
695 961 989 1018 persequendi
1036 960 1197 1002 viae-a
1237 961 1411 1002 Demo-

80 1041 237 1079 sthene
270 1044 610 1076 enumerantur:
641 1040 714 1087 τῆς
744 1032 944 1089 ἀσεβείας,
977 1033 1140 1089 inquit,
1173 1036 1276 1076 ἐστὶν
1308 1031 1413 1075 ἀπά-

77 1128 190 1167 γειν,
220 1107 479 1165 γράφεσθαι,
511 1103 747 1154 δικάζεσθαι
776 1105 879 1159 πρὸς
910 1104 1198 1159 Εὐμολπίδας,
1241 1103 1411 1161 φράζειν

81 1180 186 1235 πρὸς
214 1178 284 1222 τὸν
315 1175 565 1233 βασιλέα”“),
598 1186 729 1232 atque
760 1176 1064 1231 Areopagum,
1101 1176 1134 1218 si
1168 1189 1262 1216 non
1292 1189 1413 1216 sem-

81 1265 179 1308 per,
212 1263 339 1305 saepe
370 1259 520 1290 tamen
542 1247 596 1288 de
614 1247 834 1299 eiusmodi
867 1246 1010 1289 causis
1031 1247 1266 1301 judicasse,
1298 1247 1412 1287 mul-

81 1323 141 1365 tis
172 1333 378 1365 veterum
409 1317 682 1373 scriptorum
713 1316 986 1359 testimoniis
1017 1328 1190 1360 constat
1203 1321 1266 1368 Ω),
1324 1319 1413 1359 Sed

82 1394 198 1437 illud
227 1405 406 1449 quoque
438 1391 607 1432 factum
637 1402 728 1430 esse
757 1388 965 1444 legimus,
1002 1400 1054 1430 ut
1083 1390 1275 1444 populus
1306 1392 1415 1433 Pse-

82 1465 301 1524 phismate
345 1465 517 1515 juberet
557 1473 710 1502 eorum
749 1459 934 1502 nomina
973 1459 1160 1517 deferri,
1192 1461 1288 1517 *qui
1339 1472 1416 1503 aut

84 1543 203 1582 Deos
236 1551 329 1577 esse
358 1543 584 1591 negarent,
616 1541 693 1573 aut
725 1533 779 1572 de
810 1533 941 1572 rebus
973 1530 1238 1574 coelestibus
1272 1532 1414 1574 disse..

82 1621 230 1653 rentes
271 1623 321 1650 ac
362 1610 594 1652 docentes,
646 1602 778 1645 novis
819 1602 1112 1660 opinionibus
1153 1602 1412 1647 auditorum

84 1682 255 1725 animos
296 1679 628 1728 imbuerent¹³).

133 1824 189 1867 11)
216 1820 413 1856 Demosth.
448 1819 527 1856 σᾶν,
561 1820 716 1860 Androt.
750 1831 786 1866 p.
821 1819 901 1855 601.
935 1825 1027 1854 extr.
1085 1821 1145 1855 De
1177 1818 1413 1866 Eumolpidis

85 1884 185 1932 quod
217 1883 325 1924 dicit,
362 1881 541 1926 suspicari
575 1881 688 1924 licet,
723 1881 940 1916 institutum
973 1882 1012 1915 id
1037 1893 1118 1917 esse
1143 1882 1298 1916 Periclis
1324 1893 1414 1915 con-

85 1947 180 1981 silio.
230 1944 291 1976 Ait
315 1948 420 1976 certe
445 1942 597 1986 Lysias,
633 1953 686 1974 or.
711 1941 752 1975 in
775 1941 953 1976 Andocid.
979 1954 1014 1987 p.
1052 1954 1124 1987 104.
1157 1955 1189 1988 7.
1228 1942 1414 1986 Περικλέα

85 2004 180 2042 ποτέ
213 2015 322 2048 φασιν
353 2004 575 2048 παραινέσαι
607 2000 694 2047 ὗμῖν
728 2007 811 2049 περὶ
842 2002 916 2038 τῶν
940 1999 1188 2049 ᾰσεβοιῖντων,
1222 2001 1273 2047 μή
1296 1999 1414 2047 μόνον

85 2064 249 2111 χρῆσθαι
284 2066 362 2098 τοῖς
393 2063 654 2106 γεγραμμένοις
687 2059 815 2107 νόμοις
838 2068 922 2108 περὶ
948 2060 1087 2105 αὖτοῖν,
1123 2057 1215 2096 ἄλλά
1250 2066 1310 2096 καὶ
1337 2062 1414 2097 τοῖς

86 2122 282 2173 ἀγράφοις,
308 2118 395 2157 καθ’
420 2119 481 2157 οὓς
505 2119 544 2156 οἱ
564 2118 797 2167 Εὖμολπίὸαι
821 2122 1044 2169 ἔξηγοῦνται.

136 2194 192 2236 12)
221 2192 278 2225 Cf.
304 2192 449 2224 Meurs·
475 2191 660 2236 Areopag.
693 2202 773 2236 cap.
809 2193 886 2226 IX..
926 2193 1112 2236 (Gronov.
1149 2191 1331 2226 Thesaur.
1367 2192 1410 2223 V.

87 2266 123 2299 p.
151 2252 267 2298 2¹07)·
316 2250 425 2284 Petit.
452 2251 567 2295 Legg.
594 2252 668 2286 Att.
701 2263 735 2297 p.
761 2265 830 2298 7o.‚
866 2257 904 2285 ct
927 2252 979 2285 ibi
1003 2251 1225 2295 VVesseh'ng.

139 2324 195 2367 13)
221 2320 412 2356 Plutarch.
451 2320 514 2353 vit.
541 2320 676 2355 Pericl.
704 2332 782 2366 cap.
808 2332 864 2366 32.
914 2322 988 2354 Καὶ
1014 2318 1184 2367 ψήφισμα
1209 2321 1414 2364 Διοπείθης

91 2383 269 2430 ἔγραψεν,
295 2378 590 2426 εἰσαγγέλλεσθαι
615 2379 699 2418 τούς
719 2379 767 2416 τά
790 2381 881 2417 θεῖα
904 2379 957 2424 μή
979 2381 1213 2426 νομίζοντας,
1239 2378 1413 2427 *Myous

89 2442 274 2486 περὶτῶν
306 2441 511 2487 μετσρσίων
544 2436 791 2477 διδάσκοντας.
846 2441 1015 2476 Verbum
1049 2440 1346 2489 εἰσαγγέλλεσθαι
1371 2441 1412 2473 h-

90 2503 115 2535 1.
141 2513 220 2536 non
241 2501 393 2547 propria
415 2500 690 2546 significatione
713 2501 975 2547 accipiendum
999 2508 1077 2547 est,
1115 2503 1162 2537 de
1190 2514 1263 2548 qua
1289 2501 1411 2546 dispu-

89 2564 251 2598 tavimus
276 2575 355 2607 cap.
382 2564 452 2597 111.
480 2562 544 2597 sed
568 2557 796 2608 generaliter
817 2573 886 2608 pro
906 2562 1068 2610 μηνύειν,
1093 2561 1409 2612 quemadmodum

88 2623 188 2659 haud
210 2634 294 2657 raro
320 2623 439 2669 accipi
463 2623 599 2660 eodem
618 2621 703 2656 loco
729 2621 969 2660 ostendimus.
