1706 3058
1346 102 1425 149 555

91 210 153 251 Ac
189 208 446 264 perdurasse
485 209 602 249 hanc
644 206 828 248 victoris
866 208 1025 264 populi
1066 207 1421 257 dominationem

92 281 254 320 volunt
285 294 425 335 usque
454 279 507 320 ad
539 277 716 320 Solonis
735 277 1137 336 legislationem²³).
1195 282 1417 333 Profecto,

89 349 130 391 si
171 365 329 391 verum
367 349 433 390 illi
475 348 699 401 dicerent,
738 348 890 390 mirari
917 349 1021 391 satis
1051 366 1140 392 non
1172 366 1415 407 possemus,

89 423 259 464 nullam
310 425 402 473 eJ'us
445 419 511 461 rei
563 420 839 461 mentionem
879 424 995 476 apud
1038 424 1179 464 ullum
1221 435 1417 467 veterem

88 492 351 548 scriptorem
392 490 606 538 inveniri,
650 506 797 547 neque
834 493 1105 546 suspicatum
1145 509 1415 550 quemquam

89 579 143 606 ex
173 563 227 604 iis
259 563 502 619 quidquam
535 576 628 602 esse
651 564 704 603 de
736 562 813 603 tali
843 562 1158 618 indigenarum
1182 566 1412 615 servitute,

87 635 361 677 advenarum
406 632 726 674 dominatione.
797 636 954 689 Neque
986 636 1128 683 enim,
1172 636 1208 677 si
1249 639 1415 692 perdu-

84 716 220 747 rasset
250 719 299 746 ea
329 719 478 746 rerum
508 703 712 746 conditio
745 719 885 759 usque
915 707 970 746 ad
1001 707 1177 748 Solonis
1200 718 1414 763 tempora,

86 776 184 819 fieri
215 775 414 832 potuisse
444 775 658 828 arbitror,
702 787 753 817 ut
785 776 928 817 omnis
969 782 1060 829 ejus
1091 779 1310 819 memoria
1340 780 1413 820 in-

84 847 370 903 sequentibus
402 846 677 902 temporibus
710 858 941 902 tantopere
981 862 1337 904 corrumperetur
1368 863 1412 892 et

86 919 425 960 oblitteraretur.
492 919 558 959 Ad
598 921 684 960 hoc
721 934 778 960 ne
819 918 931 959 illud
963 920 1141 976 quidem
1176 920 1412 977 negligen-

86 991 192 1031 dum
235 1001 325 1038 est,
379 991 496 1045 quod
536 1001 664 1030 vetus
706 989 1075 1032 Erechthidarum
1117 991 1249 1046 stirps
1281 992 1410 1050 regni

81 1059 426 1116 possessionem,
461 1075 590 1117 quam
615 1072 712 1102 ante
745 1063 984 1103 Hellenum
1005 1064 1249 1103 adventum
1273 1065 1411 1105 habu-

85 1143 192 1184 erat,
227 1131 360 1172 etiam
386 1144 532 1188 postea
565 1147 702 1187 usque
734 1134 789 1172 ad
819 1134 1099 1174 Melanthum
1134 1134 1410 1177 Messenium

79 1201 317 1244 retinuisse
342 1202 577 1252 dicitur²⁴),
603 1217 706 1243 cum
729 1202 918 1243 dubium
941 1218 1034 1245 esse
1055 1217 1263 1259 nequeat,
1297 1206 1410 1261 quin

81 1274 306 1327 Hellenes‚
336 1273 372 1313 si
395 1289 471 1328 per
489 1274 583 1315 vim
606 1273 748 1315 Attica
772 1272 907 1329 potiti
932 1285 1102 1315 veteres
1133 1289 1411 1330 possessores

84 1343 385 1388 dominationi
399 1359 502 1385 suae
523 1343 826 1396 subjecissent,
848 1360 1032 1401 regnum
1046 1361 1228 1402 quoque
1247 1348 1410 1389 veteri·

81 1417 164 1458 bus
175 1415 356 1471 regibus
370 1428 572 1471 ereptum
584 1417 638 1456 ad
653 1430 774 1456 suam
795 1427 972 1470 gentem
995 1417 1178 1458 tracturi
1201 1417 1408 1464 fuissent.

167 1489 254 1530 Sed
283 1492 368 1539 jam
401 1501 476 1537 eo,
515 1488 635 1527 unde
676 1486 859 1543 digressi
901 1501 1076 1534 sumus,
1118 1500 1407 1534 revertamur.

79 1557 188 1602 Dixi
219 1569 390 1606 autem,
431 1559 484 1600 de
515 1557 714 1598 tribuum
746 1568 847 1613 post
878 1559 1121 1600 Hellenum
1152 1573 1255 1600 cum
1290 1560 1408 1615 pris-

78 1629 144 1672 cis
185 1628 346 1671 incolis
385 1628 752 1679 conjunctionem
799 1627 1108 1678 institutarum
1144 1630 1408 1674 nominibus

77 1711 122 1743 et
162 1700 371 1742 universa
410 1698 580 1740 ratione
610 1710 817 1740 veterum
857 1698 1056 1754 ipsorum
1088 1699 1280 1744 diversas
1312 1717 1406 1744 esse

78 1772 338 1816 sententias.
399 1774 516 1815 Nam
555 1770 752 1826 primum
793 1773 1005 1823 Γελέοντες
1042 1774 1095 1814 ab
1137 1771 1236 1814 aliis
1277 1777 1404 1818 Γεδέ-

83 1887 88 1893 ·
126 1898 184 1942 23)
215 1897 461 1942 Comprobari
483 1897 582 1930 hanc
606 1897 834 1930 sententiam
867 1898 998 1931 volunt
1020 1898 1213 1932 Plutarchi
1236 1899 1334 1942 loco,
1360 1900 1399 1933 in

78 1959 206 1993 Solon.
237 1970 267 1991 c.
298 1970 364 2003 13·›
391 1969 464 2003 quo
489 1959 574 1991 loco
599 1968 724 2002 neque
749 1958 953 1991 Hellenum
969 1958 1009 1991 in
1033 1960 1195 1994 Atticam
1219 1960 1398 1994 adventus

76 2029 204 2064 neque
227 2018 395 2053 tribuum
419 2018 619 2062 descriptio
646 2023 684 2051 et
708 2019 862 2052 nomina
884 2030 933 2052 ne
952 2020 1066 2053 verbo
1087 2020 1239 2065 quidem
1259 2032 1402 2054 memo-

74 2084 220 2114 rantur.
277 2081 465 2123 Pauperes
498 2078 644 2112 Solonis
685 2085 858 2124 tempore
898 2079 1069 2114 divitibus
1103 2081 1255 2116 obnoxii
1286 2081 1400 2115 fuisse

76 2139 273 2175 dicuntur:
300 2139 324 2183 ἢ
345 2137 415 2184 γάρ
429 2163 440 2179 ,
463 2138 609 2183 inquit,
635 2138 828 2186 ἐγεώργουν
852 2139 1023 2182 ἐκείνοις,
1047 2142 1135 2178 ἕκτα
1158 2142 1231 2177 τῶν
1253 2147 1400 2187 γενομέ·

76 2214 151 2237 νων
173 2200 378 2241 τελοῦντες,
406 2197 429 2242 ἢ
451 2202 539 2242 χρέα
562 2195 809 2245 λαμβάνοντες
831 2199 891 2234 ἐπὶ
915 2204 992 2236 τοῖς
1015 2199 1195 2246 σώμασιν,
1221 2199 1397 2249 α’γώγιμοι.

77 2263 155 2296 τοῖς
179 2258 400 2301 δανείζουσιν
424 2255 517 2303 ἦσαν
540 2273 572 2294 κ.
597 2273 631 2294 τ.
655 2259 687 2292 λ.
737 2259 811 2292 Sed
836 2259 924 2305 quid
945 2260 1019 2296 hoc
1050 2262 1097 2296 ad
1128 2262 1310 2299 Hellenes
1333 2269 1396 2298 aut

77 2321 217 2356 Ioues?
244 2319 334 2366 quid
358 2319 404 2353 ad
427 2320 594 2354 tribuum
617 2319 828 2355 rationem?
1389 2321 1391 2323 ’

122 2391 182 2432 24)
218 2389 252 2423 Ii
282 2399 453 2434 quoque,
496 2389 560 2433 qui
590 2388 758 2422 Xuthum
783 2395 821 2423 et
845 2391 976 2425 Ionem
1009 2403 1187 2437 regnasse
1211 2392 1251 2427 in
1275 2394 1398 2428 Attica

78 2448 220 2491 dicunt,
245 2454 372 2483 tamen
387 2460 512 2494 neque
531 2448 599 2482 hos
615 2461 685 2494 per
699 2450 774 2484 vim
789 2462 908 2496 regno
927 2451 1081 2496 Ροῑίῑοε,
1106 2465 1231 2499 neque
1254 2454 1388 2487 Erech-

76 2509 202 2543 thidas
226 2509 265 2542 in
289 2515 482 2553 posterum
508 2521 658 2556 quoque
679 2511 846 2545 exclusos
866 2523 947 2545 esse
971 2512 1111 2547 volunt.
1161 2513 1243 2548 Vid.
1269 2515 1391 2558 Heyn.

77 2569 125 2606 ad
148 2569 319 2615 Apollod.
346 2581 382 2614 p.
410 2582 489 2617 34⁰·
524 2570 703 2618 Plerique
723 2578 852 2608 autern
874 2572 1042 2608 Xuthum
1066 2579 1105 2607 et
1128 2576 1262 2609 Ionem
1286 2586 1392 2618 reges

77 2641 154 2666 non
179 2634 397 2676 agnoscunt.

1036 2697 1126 2737 Aa
