1706 3058
1434 103 1489 162 67

149 202 339 257 Apparet
354 210 582 254 autemex
605 197 718 252 istis,
737 200 815 257 qui
838 212 940 244 ante
956 201 1170 260 adscripti
1195 217 1314 257 sunt,
1341 216 1495 254 versu-

147 274 246 320 bus,
281 288 373 314 non
405 274 478 321 diu
499 283 599 314 ante
620 285 764 315 actam
787 275 902 315 hanc
924 276 1119 318 fabulam
1145 277 1391 324 triobolum
1413 299 1494 338 pro

147 347 284 388 obolo
319 344 416 387 dari
448 355 662 402 coeptum
683 359 793 391 esse.
837 346 943 388 Acta
967 360 1115 389 autem
1139 361 1204 390 est
1225 353 1295 396 Ol.
1320 353 1493 398 XCVII.

150 432 171 478 ¹.
206 429 282 459 aut
314 421 399 471 2⁷).
458 420 552 458 Iam
583 430 691 457 vero
734 431 835 458 cum
869 421 989 474 apud
1029 422 1495 482 Paroemiographum

37 478 41 482 ’
96 510 100 513 ·
147 489 426 538 Callistratus
459 489 642 530 obolum
675 487 908 531 invenisse
938 490 1138 542 dicatur,
1180 496 1272 536 veri
1305 495 1494 540 similli-

145 575 274 604 mum
306 571 395 610 est,
441 562 563 601 hunc
587 559 786 615 primum
819 560 1096 613 instituisse,
1137 576 1190 608 ut
1219 570 1497 623 ἐκκλησιαστι-

143 632 223 676 κόν
262 631 396 674 unius
437 631 560 674 oboli
607 634 800 675 daretur.
878 636 966 675 Sed
1018 652 1147 691 mox,
1204 654 1310 681 cum
1351 642 1492 684 nimis

144 703 305 761 exigua
337 706 447 747 haec
481 718 650 746 merces
682 704 939 757 videretur,
973 708 1079 749 tulit
1109 710 1367 766 Agyrrhius,
1403 712 1498 754 cir-

143 775 258 819 citer
297 778 366 819 Ol.
407 778 590 828 XCVII,
633 786 684 816 ut
726 775 973 818 triobolum
1017 780 1223 831 daretur,
1265 797 1376 838 quae
1408 798 1493 835 res,

144 859 197 890 ut
237 862 261 888 e
303 846 514 903 plurimis
554 846 870 902 Aristophanis
903 848 1016 890 locis
1055 860 1200 904 patet,
1240 854 1498 907 gratissima

142 918 264 976 plebi
299 919 410 972 fuit,
442 929 484 958 et
515 917 684 958 mirum
711 917 758 957 in
789 921 975 959 modum
995 922 1050 960 ad
1069 921 1255 963 comitia
1279 924 1496 981 frequen-

140 990 273 1031 tanda
314 1004 531 1045 pauperes
582 987 796 1042 allexitss).
869 989 1035 1032 Prioris
1078 1003 1228 1034 autem
1272 994 1396 1038 illius
1449 1010 1496 1042 et

139 1057 332 1102 minoris
364 1059 586 1102 mercedis
618 1074 841 1115 nusquam
875 1060 1049 1104 mentio
1070 1062 1134 1113 fit,
1164 1063 1254 1105 nisi
1288 1064 1366 1109 illo
1399 1083 1496 1112 uno

138 1131 452 1186 Aristophanis
486 1134 603 1180 loco,
639 1146 774 1187 quem
808 1147 938 1188 supra
971 1133 1312 1191 adscripsimus.
1369 1142 1495 1182 Ideo-

41 1215 46 1222 ·
81 1224 83 1227 .
137 1218 223 1261 que
255 1204 421 1244 factum
455 1219 548 1245 esse
580 1214 712 1258 puto,
756 1213 806 1244 ut
837 1204 1103 1247 Scholiastes
1136 1205 1246 1257 iste,
1291 1224 1394 1253 cum
1427 1215 1498 1255 19.-

136 1275 272 1334 gisset
303 1274 492 1326 alicubi,
525 1274 772 1316 triobolum
805 1277 857 1316 ab
889 1277 1111 1332 Agyrrhio
1144 1279 1238 1320 dari
1273 1295 1494 1339 coeptum

135 1363 259 1398 esse,
301 1348 571 1401 nullumque
614 1344 737 1387 aliud
777 1346 1157 1402 ecclesiasticum,
1197 1364 1373 1407 praeter
1403 1357 1494 1399 hoc

134 1420 402 1466 triobolum,
436 1427 614 1465 nosset,
648 1416 696 1457 in
729 1432 832 1459 eum
867 1432 1063 1461 errorem
1096 1420 1402 1476 induceretur,
1437 1441 1492 1471 ut

134 1489 278 1531 totius
317 1491 453 1540 hujus
495 1487 695 1529 instituti
739 1489 938 1544 primum
977 1504 1030 1532 ac
1073 1493 1221 1536 solum
1253 1510 1490 1545 auctorem

135 1560 406 1617 Agyrrhium
438 1562 698 1610 crederem).

222 1634 326 1674 Non
359 1645 515 1672 omnes
549 1642 700 1671 autem
732 1629 845 1671 illud
876 1632 1212 1687 ἐκκλησιαστικόν
1242 1640 1485 1698 accepisse,

130 1704 209 1746 sed
251 1703 540 1758 pauperiores
582 1714 785 1752 tantum,
829 1702 909 1743 vix
941 1717 1056 1759 opus
1090 1718 1179 1762 est,
1226 1713 1486 1762 admonete.

129 1773 357 1821 Didores,
401 1773 481 1831 qui
523 1774 620 1816 sine
649 1775 857 1816 mercede
902 1775 1089 1819 comitia
1123 1779 1481 1837 frequentarunt,

129 1849 182 1889 ab
228 1845 478 1903 Antiphane
516 1853 648 1903 poeta
684 1857 904 1888 vocantur
944 1849 1144 1894 οἰκόσιτοι
1185 1855 1483 1911 {nummum-tri.

128 1920 226 1960 Hos
258 1916 383 1960 enim
414 1917 537 1960 illius
571 1933 723 1961 versus
762 1921 981 1962 habemus
1013 1923 1066 1963 ab
1107 1925 1341 1970 Athenaeo
1382 1930 1482 1972 Ser-

127 2001 256 2033 vatos
269 1996 342 2044 ¹⁰):
881 2047 893 2060 ι
957 2048 967 2060 .

797 2062 889 2093 ταχυ
920 2064 988 2098 γαρ
1012 2053 1176 2099 γίγνεται

349 2105 643 2154 κοῖκκλησιαστής
676 2105 870 2146 οἰκόσιτος.

129 2169 370 2220 Οἶὴόσιτος,
403 2168 571 2210 dicitur
599 2171 645 2212 h.
675 2171 704 2212 l.
738 2181 787 2211 ut
821 2173 1077 2214 Athenaeus
1111 2173 1324 2232 explicat,
1366 2176 1390 2223 ὅ
1419 2182 1479 2236 μὴ

125 2243 307 2298 μισθοῦ,
340 2240 439 2297 ἀλλὰ
469 2248 624 2298 προῖκα
653 2248 705 2301 τῇ
734 2242 849 2288 πόλει
885 2241 1119 2302 ὑπηρετῶν.
1178 2247 1362 2291 Dicitur
1390 2265 1480 2301 au·-

167 2365 206 2411 7)
233 2364 317 2399 Vid.
330 2365 541 2401 Mohnike:
570 2365 710 2402 Gesch
731 2367 765 2401 d.
785 2367 875 2402 Litt.
896 2367 930 2401 d.
946 2368 1102 2404 Griech
1115 2381 1151 2406 u.
1163 2371 1274 2410 Βὸιῐι.
1296 2375 1327 2409 Ι.
1341 2386 1379 2420 p.
1392 2387 1478 2423 473.

169 2433 598 2481 8)vid.Arist0ph.P1ut.
613 2447 647 2470 v.
659 2447 739 2483 329.
746 2437 794 2471 cf.
805 2438 855 2472 ib.
870 2449 946 2485 171.
958 2438 1104 2474 Eccles.
1116 2451 1195 2486 5ο5.
1207 2448 1288 2488 380.
1302 2455 1383 2489 592.
1395 2456 1477 2491 547

170 2503 209 2548 9)
238 2504 284 2537 In
307 2509 389 2538 tota
413 2504 487 2539 hae
523 2504 780 2550 disputatione
813 2507 1050 2544 Boeckhium
1083 2516 1238 2548 secutus
1273 2522 1377 2556 sum,
1412 2513 1480 2562 qui

126 2563 383 2599 conferendus
405 2572 487 2610 est,
514 2566 810 2602 Staashaushalt.
839 2568 873 2602 d.
899 2568 1039 2606 Athen.
1064 2573 1095 2607 Ι.
1121 2584 1160 2619 p.
1187 2584 1268 2619 245.
1294 2585 1381 2621 sqq.

174 2634 231 2677 ιο)
258 2634 397 2671 Athen.
423 2636 485 2669 VI.
514 2647 546 2669 c.
572 2647 628 2681 52.
656 2647 694 2681 p.
714 2646 796 2681 450.
815 2637 1028 2686 Schweigh.

1108 2707 1142 2745 Ε
1169 2718 1192 2746 2
