1706 3058
1320 94 1401 140 505

38 202 40 206 ’
73 212 341 256 magnopere
371 198 571 239 interest.
632 195 855 239 Novimus
886 195 1031 247 enim,
1063 200 1239 255 qualem
1270 201 1316 243 in
1338 205 1402 246 le-

67 271 195 327 gibus
234 281 500 325 potestatem
539 270 735 324 populus
775 269 1035 311 exercuerit.
1105 274 1218 312 Sunt
1248 285 1400 318 autem

67 355 221 382 omnes
263 342 316 381 de
356 339 485 381 novis
525 338 846 394 religionibus,
881 340 1092 396 festisque
1123 346 1324 396 ἐπιθέτοις
1355 358 1400 389 et

67 410 228 452 annuis
260 413 464 452 ludorum
495 409 864 459 solennitatibus,
898 412 953 450 de
983 412 1144 466 quibus
1175 430 1197 454 a
1227 419 1400 471 populo

67 493 288 524 statutum
319 496 412 522 esse
452 480 673 529 vidimus,
716 495 866 521 omnes
910 480 1047 536 igitur
1085 485 1137 523 de
1168 485 1234 526 his
1265 489 1399 530 rebus

66 547 418 596 constitutiones
452 553 569 609 leges
611 551 765 606 potius
806 567 936 608 quam
976 553 1279 609 Psephismata
1308 575 1398 614 pu-

65 625 198 665 tanda
228 634 354 672 sunt,
387 623 434 664 id
467 625 606 679 quod,
638 622 720 664 etsi
753 637 830 664 sua
860 634 1019 678 sponte
1050 624 1196 679 quivis
1229 626 1396 671 intelli-

62 693 153 751 git,
186 694 265 750 qui
299 693 496 750 quidem,
529 694 636 750 quid
666 693 844 735 intersit
874 695 990 735 inter
1020 706 1222 751 utraque,
1254 714 1398 742 recor-

64 760 217 819 detur,
267 777 415 807 tamen
457 767 735 822 quorundam
775 766 994 808 lectorum
1033 767 1170 824 gratia
1208 784 1393 816 monere

63 851 157 877 non
199 851 575 892 supervacaneum
617 851 709 877 esse
750 835 953 879 arbitror.

149 911 268 950 Inter
299 908 528 964 prooemia
559 907 924 957 Demosthenica‚
960 914 1245 968 (quamquam
1276 927 1394 967 eunt,

62 978 140 1036 qui
173 994 221 1020 ea
252 979 548 1020 Demostheni
580 978 859 1033 abjudicent,
891 978 1144 1030 immerito,
1178 1000 1274 1026 mea
1295 987 1393 1042 qui-

61 1052 161 1091 dem
203 1050 465 1104 sententia),
510 1066 654 1090 unum
687 1052 871 1106 legitur,
914 1066 1001 1107 quo
1040 1055 1274 1097 renunciat
1304 1072 1395 1113 po..

59 1124 167 1179 pulo
199 1134 368 1169 orator,
417 1121 620 1174 Prytanis
654 1136 705 1162 eo
737 1133 934 1173 ternpore
966 1123 1156 1178 fungens
1186 1141 1387 1178 munere,

59 1208 181 1235 sacra
212 1209 233 1234 a
266 1192 530 1245 Prytanibus
564 1192 676 1232 facta
707 1191 805 1232 Jovi
833 1192 1108 1249 Sospitatori,
1143 1195 1390 1249 Minervae,

59 1264 310 1312 Victoriae,
343 1266 526 1311 Suadae,
563 1263 692 1304 matri
726 1267 940 1315 Deorum,
971 1265 1166 1319 Apollini
1200 1268 1392 1326 aliisque

56 1335 216 1384 Divis,
251 1335 398 1390 iisque
431 1333 639 1375 omnibus
669 1333 849 1374 litatum
879 1335 1054 1385 esse²⁶).
1114 1340 1267 1381 Iovem
1291 1342 1390 1397 qui-

56 1407 156 1448 dem
191 1407 509 1462 Sospitatorem
541 1419 697 1461 magna
728 1404 941 1460 religione
972 1407 1142 1449 cultum
1175 1411 1226 1451 ab
1257 1415 1390 1454 Athe-

55 1477 288 1520 niensibus
322 1492 415 1518 esse
447 1487 646 1528 constat,
678 1475 806 1531 eique
847 1490 966 1517 sacra
997 1477 1160 1519 fiebant
1192 1495 1391 1538 quotan-

55 1549 150 1602 nis,
188 1561 387 1590 extremo
420 1547 512 1597 die,
556 1546 634 1601 qui
667 1558 757 1587 erat
788 1546 1198 1602 Scirrhophorionis
1230 1556 1389 1608 XXIX3

54 1623 144 1662 huc
176 1620 316 1676 igitur
347 1618 467 1659 illam
509 1617 556 1658 in
591 1617 824 1672 prooemio
867 1618 1248 1663 renuntiationem
1280 1641 1388 1680 per..

54 1691 198 1734 tinere
229 1688 390 1746 aliquis
424 1687 735 1739 crediderit²⁷).
805 1691 1086 1745 Quamquam
1107 1691 1241 1735 video
1273 1710 1386 1737 non..

52 1762 265 1818 nullos²⁸)
319 1760 366 1801 in
408 1763 491 1801 hac
533 1774 625 1801 esse
667 1758 908 1808 sententia,
951 1771 1000 1800 ut
1041 1758 1226 1816 putent,
1278 1779 1384 1810 cum

53 1832 258 1891 quotidie
299 1845 418 1873 sacra
456 1845 481 1872 a
517 1829 782 1883 Prytanibus
813 1829 911 1873 fieri
942 1831 1070 1874 solita
1099 1833 1211 1885 sint,
1243 1839 1384 1894 (quod

52 1996 120 2031 sed
144 1995 322 2041 praemiis
348 2006 499 2042 quoque
524 1994 571 2029 ad
595 2000 701 2029 recte
723 1995 940 2030 faciendum
964 1996 1111 2040 allicio,
1139 2001 1381 2044 quemadmo-

53 2058 143 2092 dum
166 2068 276 2102 reges
310 2056 444 2090 solent.
475 2073 521 2081 —-—
566 2055 629 2089 De
664 2055 834 2090 civilibus
871 2057 1017 2102 legibus
1054 2057 1147 2092 haec
1183 2062 1383 2097 commode

50 2117 171 2161 accipi
195 2127 305 2160 posse
331 2115 471 2150 dubito.
532 2113 606 2149 Sed
636 2121 721 2148 utut
751 2114 826 2150 hoc
858 2117 926 2160 sit,
961 2117 1057 2151 illud
1091 2126 1196 2153 certe
1228 2121 1382 2156 falsissi-

51 2189 180 2219 mum,
218 2177 319 2222 quod
347 2176 512 2210 Valesius
537 2174 583 2209 ad
606 2177 787 2211 Maussac.
814 2177 855 2210 in
889 2179 1072 2224 Harpocr.
1098 2191 1134 2224 p.
1160 2192 1238 2224 240.
1265 2181 1383 2217 hosce

49 2236 185 2284 νόμους
207 2234 419 2284 βασιλικούς
452 2247 540 2269 cum
573 2237 686 2270 sacris
716 2244 754 2272 et
777 2236 953 2285 (ἢρᾶφοις
987 2239 1300 2285 Eumolpidarum
1326 2244 1381 2278 le—

50 2298 159 2344 gibus
186 2296 394 2332 confundit.
442 2297 518 2330 Has
544 2307 630 2330 cum
653 2308 674 2331 a
698 2297 955 2343 Xenophontis
986 2298 1071 2334 loco
1097 2300 1258 2345 alienas,
1294 2310 1378 2339 tum

49 2358 95 2393 ab
120 2357 195 2390 ilh's
222 2367 373 2404 quoque
397 2355 524 2403 νόμοις
546 2355 614 2393 τοῦ
644 2357 828 2394 Βασιλέως
862 2357 1029 2395 diversas
1053 2372 1157 2406 esse,
1195 2363 1276 2409 quis
1301 2375 1379 2399 non

50 2417 263 2462 intelligit?

96 2487 155 2530 26)
182 2488 343 2532 Προοιμ.
368 2484 542 2532 δημηγορ.
564 2499 602 2532 p.
631 2488 729 2533 1460.

98 2555 157 2601 27)
183 2553 442 2588 Hemstorhus.
469 2553 517 2587 ad
540 2555 663 2590 Schol.
699 2555 889 2602 Aristoph.
926 2558 1023 2594 Plut.
1050 2571 1084 2594 v.
1113 2561 1211 2607 2176.

55 2635 60 2639 ¹
96 2623 155 2666 28)
182 2623 296 2662 Nast,
322 2621 369 2656 ad
392 2621 638 2668 Theophrast.
666 2623 837 2660 Charact.
862 2635 899 2670 p.
930 2637 1004 2673 ¹07·

1054 2690 1090 2728 X
