1706 3058
1331 78 1411 120 505

93 199 180 242 que
207 187 288 226 hae
317 195 639 240 nonnunquam
669 200 864 238 annuae,
904 185 1041 228 veluti
1083 195 1263 242 propter
1304 185 1413 228 cha-

91 253 213 297 briae
242 254 484 298 victoriam
514 260 717 298 navalem
748 260 864 313 apud
897 260 1070 300 Naxum
1101 256 1289 297 insulam
1330 259 1411 311 ἐπι-

90 329 202 370 νίκια
233 328 473 382 quotannis
502 330 838 370 celebrabantur
866 327 1211 371 Boedromionis
1248 326 1410 368 mensis

91 397 165 440 die
193 400 300 445 XVI,
334 410 378 440 et
407 400 606 450 ejusdem
647 399 812 442 mensis
843 398 916 440 die
955 403 1031 441 ΧΠ
1073 399 1304 454 χαριστήρια
1339 404 1412 452 τῆς

87 471 343 524 ἐλευθερίας,
375 481 555 526 propter
587 470 819 512 liberatam
849 485 872 510 a
901 473 1011 511 XXX
1038 470 1235 511 virorum
1269 468 1411 511 domi-

87 540 271 582 natione
301 539 607 595 civitatern¹⁹).
666 540 895 593 Ejusmodi
926 541 1064 598 igitur
1086 542 1195 582 festa
1225 549 1312 592 ταῖς
1330 545 1411 585 ἐπι-

83 614 220 661 θέτοις
258 613 414 668 ἑορταῖς
452 614 724 655 accensenda
762 624 881 658 sunt.
953 611 1162 668 Denique
1199 614 1408 654 ludorum

85 698 264 740 quoque
295 695 339 725 et
369 685 663 726 certaminum
694 685 895 727 solennia
934 684 1092 726 diebus
1134 684 1255 725 festis
1297 685 1406 726 adsi-

87 758 339 812 gnabantur
367 770 460 796 non
491 755 586 797 sine
617 757 770 812 populi
801 756 1079 806 auctoritate,
1111 757 1236 797 velut
1264 755 1411 798 musi-

82 843 188 869 cum
220 839 442 869 certamen
479 827 824 876 Panathenaeie‚
870 826 1036 868 scenici
1078 826 1175 868 ludi
1215 826 1407 880 Chytris‚

83 913 278 955 quorum
309 898 422 939 illud
453 911 475 937 a
505 899 699 949 Pericle,
739 902 827 941 hoc
858 912 880 939 a
912 901 1114 954 Lycurgo
1146 897 1406 940 institutum

81 981 158 1012 aut
188 969 486 1013 instauratum
518 969 756 1020 dicitur²⁰).
819 969 973 1023 Quid?
1002 984 1057 1010 ne
1078 968 1194 1010 illud
1223 967 1408 1025 quidem

79 1042 234 1099 populi
265 1042 439 1096 injussu
468 1044 635 1084 factum
659 1052 743 1092 est,
775 1042 894 1096 quod
922 1040 1125 1092 Aeschyli
1155 1039 1313 1082 honori
1335 1042 1407 1081 da-

79 1124 178 1155 tum
197 1129 290 1157 esse
310 1111 633 1155 Grammaticus
658 1110 841 1168 quidam
869 1111 1037 1164 scribit,
1069 1123 1121 1153 ut
1152 1116 1244 1164 ejus
1268 1110 1404 1154 unius

78 1199 131 1226 ex
181 1185 391 1226 omnibus
432 1181 612 1240 tragicis
652 1183 850 1232 fabulae,
898 1182 994 1237 ipso
1036 1181 1170 1223 etiam
1208 1192 1402 1229 mortuo,

78 1258 416 1303 docerentur²¹).
447 1279 504 1288 —-
561 1256 706 1310 Atque
737 1256 848 1295 haec
878 1253 1133 1302 sufficiunt,
1174 1264 1310 1309 puto,
1350 1254 1406 1293 ad

76 1327 497 1375 demonstrandum,
541 1339 674 1382 quam
702 1327 789 1365 late
827 1324 876 1364 in
907 1326 1037 1377 hujus
1068 1339 1245 1381 quoque
1275 1340 1404 1380 gene-

75 1396 136 1439 ris
177 1398 308 1438 rebus
358 1395 646 1438 comitiorum
693 1404 888 1450 potestas
936 1394 1148 1451 patuerit.
1225 1398 1406 1438 Poterat

75 1478 227 1509 autem
261 1467 315 1508 de
346 1467 401 1508 iis
433 1469 589 1514 rebus,
623 1479 736 1522 quae
768 1467 824 1506 ad
855 1466 1016 1507 festum
1056 1465 1238 1521 aliquod
1269 1466 1404 1522 perti·

75 1540 263 1587 nebant,
295 1537 428 1580 etiam
460 1541 502 1582 ἐν
531 1545 582 1596 τῇ
607 1541 821 1595 ἱερομηνίᾳ
850 1552 953 1578 cum
984 1538 1155 1593 populo
1188 1538 1280 1593 agi,
1313 1551 1402 1595 quo

74 1619 277 1664 tempore
309 1608 393 1651 alia
415 1623 708 1666 quaecunque
740 1608 920 1665 negotia
937 1606 1115 1664 publica
1139 1609 1313 1651 tractari
1329 1624 1403 1650 ne·

73 1679 139 1720 fas
170 1683 348 1730 erat²²);
390 1691 433 1721 et
460 1690 565 1735 post
603 1690 826 1736 peractam
866 1683 1087 1732 maj0rum
1119 1684 1400 1736 quorundam

70 1750 291 1791 festorum
332 1750 673 1794 celebrationem
714 1750 851 1792 moris
889 1751 1026 1793 fuisse
1066 1752 1244 1794 videtur
1285 1766 1400 1794 con-

71 1818 252 1863 cionem
289 1819 531 1878 haberi²⁵)‚
589 1821 637 1863 in
682 1836 769 1878 qua
808 1833 852 1864 et
893 1825 1158 1873 Archontes,
1210 1823 1288 1880 qui
1338 1823 1395 1864 iis

119 1992 176 2036 19)
210 1991 399 2028 Plutarch.
436 1994 483 2029 de
513 1996 607 2041 glor.
645 1996 728 2029 Ath.
763 2007 798 2041 p.
834 2007 912 2042 349.
949 1996 991 2029 E.
1028 1996 1093 2030 ubi
1116 1996 1188 2030 alia
1212 1995 1395 2039 ejusmodi

67 2052 177 2096 plura
199 2062 472 2090 memorantur.
522 2056 596 2091 Sed
620 2056 666 2091 de
691 2056 874 2092 Chabriae
898 2056 1056 2091 victoria
1079 2056 1178 2091 conf.
1198 2056 1271 2090 Vit.
1297 2056 1394 2090 Pho—

68 2112 167 2146 cion.
194 2125 273 2158 cap.
301 2115 331 2148 6.
360 2122 453 2150 extr.

113 2182 171 2225 20)
198 2182 387 2218 Plutarch.
415 2185 551 2221 Pericl.
578 2199 657 2233 cap.
692 2199 743 2232 15·
770 2187 858 2220 Vitt.
884 2187 928 2221 X.
958 2185 1079 2220 Oratt.
1105 2197 1141 2231 p.
1166 2190 1246 2230 841.
1271 2186 1313 2220 E.
1341 2187 1388 2220 cf.

65 2242 178 2276 Petit.
204 2244 320 2290 Legg.
346 2246 421 2279 Att.
446 2258 483 2292 p.
522 2258 597 2293 145.

112 2335 171 2377 21)
198 2335 321 2370 Schol.
347 2337 395 2372 ad
418 2338 605 2385 Aris-toph.
630 2339 790 2376 Acharn.
818 2352 850 2374 v.
878 2350 931 2373 11.
961 2336 1017 2373 Cf.
1042 2337 1152 2372 Petit.
1180 2339 1295 2385 Legg.
1311 2341 1384 2374 Att⁴

66 2406 102 2439 p·
129 2407 207 2440 ¹4⁰·

109 2464 167 2507 22)
195 2464 306 2499 Petit.
335 2467 450 2514 Legg.
477 2470 551 2503 Att.
585 2482 620 2516 p.
646 2471 702 2509 86.

107 2555 165 2600 25)
191 2556 252 2591 De
268 2558 461 2605 Dionysiis
485 2562 526 2596 id
543 2562 682 2596 diserte
700 2569 860 2598 testatur
884 2562 945 2596 lex
967 2562 1048 2607 ipsa
1070 2561 1168 2607 apud
1183 2561 1384 2595 Demosth.

60 2614 98 2648 in
122 2615 215 2651 Mid.
242 2629 278 2666 p.
304 2631 408 2667 517.;
443 2622 491 2658 de
521 2622 715 2670 Mysten-iis
747 2623 850 2660 idem
875 2623 1002 2672 colligi
1026 2627 1152 2670 potest
1178 2634 1222 2660 ex
1247 2622 1383 2667 eadem,
