1706 3058
1307 103 1392 147 291.

65 215 149 244 nus
178 199 311 242 fuisse
347 198 500 241 Suidas
532 195 658 243 dicit,
693 207 743 238 ut
760 196 1055 238 describerent
1085 197 1253 241 civibus
1285 214 1385 243 suas

65 272 229 328 cuique
260 284 338 326 pro
370 280 461 309 rata
491 278 614 323 parte
643 268 902 323 pensiones:
942 282 1046 309 nam
1081 268 1140 310 ita
1173 273 1264 322 ejus
1295 286 1388 312 ver-

64 345 122 386 ba
148 341 477 397 interpretanda
507 349 648 394 puto:
679 338 800 383 ὁπότε
831 343 915 383 δέοι
943 339 1122 395 χρήματα
1152 341 1248 391 τούς
1277 346 1390 385 πολί-

65 433 136 466 τας
168 415 393 468 εἰσφέρειν,
431 410 602 460 τούτους
632 410 732 453 κατά
773 411 947 466 δύναμιν
978 417 1081 466 (pro
1113 411 1203 453 suis
1233 426 1394 468 quem-

67 502 154 544 que
183 482 486 535 facultatibus)
527 484 569 524 οἷ
597 480 842 536 κὰλούμενοι
880 485 1058 537 ἕκλογεῖς
1088 486 1392 539 διὲγραφονη).

64 560 141 602 llla
182 566 331 598 autem
370 550 575 592 classium
610 567 661 594 ex
699 567 835 594 censu
864 551 1103 609 descriptio
1134 568 1156 593 a
1188 557 1398 612 Strategis

68 626 230 673 confici
253 623 493 679 solebat¹⁹).
528 624 613 665 Sed
632 638 725 665 non
745 625 864 666 idem
887 623 1097 666 omnibus
1119 626 1395 680 temporibus

68 700 231 742 modus
272 709 321 735 ac
351 692 466 735 ratio
499 705 591 734 erat
620 695 825 736 classium
857 695 1267 745 describendarum,
1313 712 1401 753 qua

70 770 119 812 in
150 767 324 810 ratione
356 767 393 809 si
427 767 524 824 quis
567 767 830 808 mutandum
872 767 1038 822 aliquid
1077 779 1120 808 et
1150 770 1400 809 emendan-

71 844 177 884 dum
211 854 304 881 esse
336 850 560 887 censeret,
605 837 734 878 licuit
774 839 841 880 illi
881 840 1026 894 legem
1067 854 1114 880 ea
1154 840 1208 880 de
1238 854 1284 880 re
1314 854 1400 895 po-

69 916 180 973 pulo
211 924 478 968 proponere,
523 924 637 966 quae
666 908 703 950 si
732 908 968 966 probabilis
999 908 1094 949 visa
1126 921 1260 961 esset,
1301 914 1400 953 No-

72 983 284 1028 mothetis
315 983 527 1022 tradenda
559 991 652 1021 erat
684 991 727 1021 et
767 982 819 1020 ab
849 979 922 1020 his
966 979 1278 1030 examinanda,
1322 997 1403 1024 eo-

76 1058 177 1097 dem
209 1053 369 1105 mod0,
410 1066 541 1108 quem
574 1065 705 1107 supra
738 1052 789 1091 de
821 1053 1082 1106 abrogandis
1113 1051 1407 1109 rogandisque

73 1125 251 1184 legibus
282 1120 484 1179 exposui.
545 1123 690 1178 Atque
720 1123 806 1163 hoc
846 1121 966 1163 idem
996 1121 1131 1163 etiam
1171 1123 1226 1163 de
1267 1125 1405 1166 altero

75 1193 449 1241 extraordinariae
488 1192 697 1249 liturgiae
738 1208 896 1248 genere
937 1194 1079 1242 valet,
1121 1192 1406 1237 trierarchia:

75 1265 293 1324 (liturgiis
340 1264 463 1306 enim
514 1263 872 1306 extraordinariis
918 1264 1118 1320 εἰσφοράν
1166 1266 1404 1314 accenseri,

77 1350 241 1382 notum
285 1342 392 1388 est);
436 1339 568 1386 hujus
611 1348 790 1390 quoque
832 1333 1066 1374 obeundae
1111 1332 1224 1374 ratio
1272 1346 1407 1391 atque

79 1411 189 1454 ordo
219 1407 392 1464 legibus
434 1404 680 1460 descriptus
723 1415 839 1452 erat,
886 1405 941 1443 de
982 1403 1140 1458 quibus
1180 1407 1403 1447 mutandis

80 1492 222 1536 atque
245 1474 536 1520 emendandis
566 1489 658 1516 non
699 1474 848 1516 minus
889 1489 1022 1532 quam
1063 1477 1117 1517 de
1148 1475 1303 1519 ceteris
1342 1479 1408 1519 le·

81 1551 210 1608 gibus
241 1563 346 1591 cum
376 1548 544 1604 populo
577 1545 647 1602 agi
685 1545 912 1603 potuit²“).

134 1721 192 1763 18)
219 1720 291 1753 Alii
317 1725 464 1761 autem,
498 1724 536 1752 et
569 1718 698 1752 Suidas
723 1719 802 1763 ipse
834 1719 874 1752 in
901 1713 1155 1765 ἐπιγνώμονες,
1189 1719 1411 1767 ἐπιγραφῆς,

86 1779 316 1827 διαγραφεῖς,
352 1778 586 1825 ὃιαγρᾰμμα,
613 1778 686 1811 hoc
709 1791 844 1814 munus
869 1779 983 1813 fuisse
1008 1779 1137 1813 dicunt
1158 1780 1233 1816 τῶν
1256 1781 1412 1828 ἐπιγρα-

84 1842 182 1885 φέων
204 1851 232 1875 s.
261 1838 501 1886 ὃιαγραφὲων.
528 1839 609 1873 Vid.
635 1839 777 1874 Bfickh.
804 1842 832 1874 I.
859 1852 894 1884 p.
929 1841 1004 1886 169.
1042 1843 1098 1874 An
1119 1842 1286 1875 fortassis
1309 1843 1411 1876 idem

86 1900 329 1945 magistratus
354 1910 424 1945 pro
447 1900 575 1942 variis,
604 1899 735 1945 quibus
761 1899 1010 1946 fungebatur,
1036 1902 1274 1944 muneribus,
1301 1904 1411 1936 variis

90 1971 244 2006 quoque
267 1959 481 1993 nominibus
509 1960 719 2005 appellatus
745 1961 818 1993 sit?

137 2051 195 2097 19)
222 2050 302 2085 vid.
331 2051 447 2084 Wolf.
473 2051 648 2095 Prolegg.
677 2050 723 2084 ad
749 2052 898 2096 Leptin.
935 2063 973 2096 p.
1005 2053 1138 2086 XCIV.

138 2143 199 2186 πο)
226 2144 326 2176 Nota
350 2142 464 2175 cuivis
490 2148 548 2176 est
571 2142 838 2176 Demosthenis
873 2143 992 2176 oratio
1027 2143 1074 2178 de
1099 2145 1337 2190 SymmoriiS‚
1374 2159 1419 2182 ex

96 2203 176 2246 eius
202 2202 454 2236 deliberativis
489 2202 768 2247 antiquissima3
805 2214 1035 2249 quamquam
1064 2205 1159 2239 haec
1190 2209 1310 2241 oratio
1342 2220 1421 2242 non

96 2262 218 2308 ipsam
243 2262 370 2308 legem
403 2273 447 2296 ac
480 2262 716 2307 rogationem
751 2263 939 2306 continet,
972 2265 1038 2298 sed
1069 2267 1225 2301 consilia
1258 2273 1420 2312 tantum,

100 2323 234 2368 quibus
259 2329 408 2357 tentare
438 2323 574 2356 civium
600 2323 743 2356 animos
767 2329 806 2356 et
829 2335 1057 2369 praeparare
1086 2326 1246 2362 voluisse
1277 2329 1422 2363 Demo-

99 2383 250 2417 sthenes
286 2383 432 2418 videtur
464 2383 511 2418 ad
542 2384 686 2430 legem,
722 2389 854 2428 postea
885 2385 1054 2419 fortassis
1085 2398 1107 2420 a
1138 2399 1178 2421 se
1211 2387 1422 2432 ferendam,

100 2443 168 2477 sed
203 2455 399 2489 nunquam
428 2445 557 2478 latam.
616 2445 714 2478 Nam
745 2455 811 2487 ea,
847 2456 943 2490 quae
974 2446 1015 2479 in
1039 2453 1133 2481 orat.
1161 2447 1206 2481 de
1231 2459 1358 2482 coron.
1385 2462 1423 2493 p.

103 2504 182 2539 261.
220 2505 296 2538 262.
332 2511 565 2538 memoratur
604 2505 664 2538 lex
697 2504 935 2549 trierarchia,
975 2506 1091 2552 longe
1123 2508 1268 2544 diversa
1300 2515 1358 2542 est
1389 2515 1430 2542 et

104 2564 231 2598 multis
256 2570 341 2610 post
365 2564 471 2598 annis
495 2565 592 2608 lata,
628 2564 690 2599 01.
720 2577 803 2607 110,
831 2569 866 2610 ᾖ.
891 2566 959 2600 illa
983 2573 1112 2603 autem
1136 2569 1182 2604 de
1208 2571 1426 2614 Symmoriis

105 2625 224 2659 oratio
248 2624 385 2665 hahita,
400 2630 458 2660 est
483 2625 545 2661 01.
576 2626 652 2669 106,
677 2636 709 2671 3.
736 2626 817 2661 vid.
843 2626 1010 2662 Boeckh.
1037 2630 1086 2663 ΙΙ.
1113 2641 1149 2674 p.
1179 2642 1254 2664 ιη.
1282 2641 1335 2677 sq.

1063 2691 1147 2730 L'z
