<?xml version="1.0" encoding="UTF-8"?>
<!DOCTYPE html PUBLIC "-//W3C//DTD XHTML 1.0 Transitional//EN"
    "http://www.w3.org/TR/xhtml1/DTD/xhtml1-transitional.dtd">
<html xmlns="http://www.w3.org/1999/xhtml" xml:lang="en" lang="en">
 <head>
  <title>
</title>
<meta http-equiv="Content-Type" content="text/html;charset=utf-8" />
  <meta name='ocr-system' content='tesseract 3.04.00' />
  <meta name='ocr-capabilities' content='ocr_page ocr_carea ocr_par ocr_line ocrx_word'/>
</head>
<body>
  <div class='ocr_page' id='page_1' title='image "./decomitiisatheni00sch_0165.png"; bbox 0 0 1706 3058; ppageno 0'>
   <div class='ocr_carea' id='block_1_1' title="bbox 1320 120 1400 167">
    <p class='ocr_par' dir='ltr' id='par_1_1' title="bbox 1320 120 1400 167">
     <span class='ocr_line' id='line_1_1' title="bbox 1320 120 1400 167; baseline 0 -18"><span class='ocrx_word' id='word_1_1' title='bbox 1320 120 1400 167; x_wconf 76' lang='lat'>129</span> 
     </span>
    </p>
   </div>
   <div class='ocr_carea' id='block_1_2' title="bbox 65 214 1407 841">
    <p class='ocr_par' dir='ltr' id='par_1_2' title="bbox 65 214 1407 841">
     <span class='ocr_line' id='line_1_2' title="bbox 67 214 1407 273; baseline -0.003 -12"><span class='ocrx_word' id='word_1_2' title='bbox 67 223 200 273; x_wconf 82' lang='grc' dir='ltr'><em>σχεῖν,</em></span> <span class='ocrx_word' id='word_1_3' title='bbox 241 221 314 270; x_wconf 85' lang='grc' dir='ltr'>τῆς</span> <span class='ocrx_word' id='word_1_4' title='bbox 355 216 397 259; x_wconf 77' lang='grc' dir='ltr'>δὲ</span> <span class='ocrx_word' id='word_1_5' title='bbox 435 214 591 264; x_wconf 81' lang='grc' dir='ltr'><strong><em>πόλεως</em></strong></span> <span class='ocrx_word' id='word_1_6' title='bbox 631 219 770 264; x_wconf 76' lang='grc' dir='ltr'><strong><em>κακῶς</em></strong></span> <span class='ocrx_word' id='word_1_7' title='bbox 811 215 1136 269; x_wconf 81' lang='grc' dir='ltr'><strong><em>βουλευσαμένης</em></strong></span> <span class='ocrx_word' id='word_1_8' title='bbox 1174 215 1310 269; x_wconf 81' lang='grc' dir='ltr'><strong><em>ἰατρὸς</em></strong></span> <span class='ocrx_word' id='word_1_9' title='bbox 1352 215 1407 257; x_wconf 71' lang='grc' dir='ltr'>ἔν</span> 
     </span>
     <span class='ocr_line' id='line_1_3' title="bbox 66 285 1407 346; baseline -0.004 -14"><span class='ocrx_word' id='word_1_10' title='bbox 66 290 335 346; x_wconf 59' lang='grc' dir='ltr'>γενέσθαι44).</span> <span class='ocrx_word' id='word_1_11' title='bbox 405 289 562 342; x_wconf 89' lang='lat' dir='ltr'>Neque</span> <span class='ocrx_word' id='word_1_12' title='bbox 595 295 750 325; x_wconf 86' lang='lat' dir='ltr'>contra</span> <span class='ocrx_word' id='word_1_13' title='bbox 781 285 925 326; x_wconf 83' lang='lat' dir='ltr'>afferri</span> <span class='ocrx_word' id='word_1_14' title='bbox 959 287 1112 333; x_wconf 81' lang='lat' dir='ltr'>debet,</span> <span class='ocrx_word' id='word_1_15' title='bbox 1148 285 1269 340; x_wconf 85' lang='lat' dir='ltr'>quod</span> <span class='ocrx_word' id='word_1_16' title='bbox 1290 293 1407 326; x_wconf 76' lang='lat' dir='ltr'>atro-</span> 
     </span>
     <span class='ocr_line' id='line_1_4' title="bbox 67 354 1405 414; baseline -0.002 -13"><span class='ocrx_word' id='word_1_17' title='bbox 67 373 165 402; x_wconf 88' lang='lat' dir='ltr'>cem</span> <span class='ocrx_word' id='word_1_18' title='bbox 211 358 334 400; x_wconf 85' lang='lat' dir='ltr'>illam</span> <span class='ocrx_word' id='word_1_19' title='bbox 372 356 530 414; x_wconf 86' lang='lat' dir='ltr'>populi</span> <span class='ocrx_word' id='word_1_20' title='bbox 574 358 626 397; x_wconf 89' lang='lat' dir='ltr'>de</span> <span class='ocrx_word' id='word_1_21' title='bbox 665 354 1051 408; x_wconf 81' lang='lat' dir='ltr'>Mitylenaeorurn</span> <span class='ocrx_word' id='word_1_22' title='bbox 1091 354 1405 398; x_wconf 84' lang='lat' dir='ltr'>internecione</span> 
     </span>
     <span class='ocr_line' id='line_1_5' title="bbox 66 426 1401 486; baseline -0.002 -15"><span class='ocrx_word' id='word_1_23' title='bbox 66 428 331 472; x_wconf 80' lang='lat' dir='ltr'>sententiam</span> <span class='ocrx_word' id='word_1_24' title='bbox 361 426 598 486; x_wconf 85' lang='lat' dir='ltr'>postridie,</span> <span class='ocrx_word' id='word_1_25' title='bbox 632 442 677 468; x_wconf 91' lang='lat' dir='ltr'>re</span> <span class='ocrx_word' id='word_1_26' title='bbox 710 426 877 468; x_wconf 90' lang='lat' dir='ltr'>iterum</span> <span class='ocrx_word' id='word_1_27' title='bbox 910 427 957 467; x_wconf 89' lang='lat' dir='ltr'>in</span> <span class='ocrx_word' id='word_1_28' title='bbox 990 426 1187 468; x_wconf 81' lang='lat' dir='ltr'>comitiis</span> <span class='ocrx_word' id='word_1_29' title='bbox 1210 428 1265 468; x_wconf 84' lang='lat' dir='ltr'>ad</span> <span class='ocrx_word' id='word_1_30' title='bbox 1297 427 1401 468; x_wconf 82' lang='lat' dir='ltr'>deli-</span> 
     </span>
     <span class='ocr_line' id='line_1_6' title="bbox 65 496 1403 555; baseline -0.003 -13"><span class='ocrx_word' id='word_1_31' title='bbox 65 502 315 542; x_wconf 79' lang='lat' dir='ltr'>berandum</span> <span class='ocrx_word' id='word_1_32' title='bbox 345 497 599 555; x_wconf 85' lang='lat' dir='ltr'>proposita,</span> <span class='ocrx_word' id='word_1_33' title='bbox 640 500 895 554; x_wconf 71' lang='lat' dir='ltr'>abrogatam</span> <span class='ocrx_word' id='word_1_34' title='bbox 937 513 1030 539; x_wconf 83' lang='lat' dir='ltr'>esse</span> <span class='ocrx_word' id='word_1_35' title='bbox 1069 497 1186 538; x_wconf 88' lang='lat' dir='ltr'>idem</span> <span class='ocrx_word' id='word_1_36' title='bbox 1219 496 1403 539; x_wconf 75' lang='lat' dir='ltr'>histori-</span> 
     </span>
     <span class='ocr_line' id='line_1_7' title="bbox 68 568 1401 625; baseline -0.002 -12"><span class='ocrx_word' id='word_1_37' title='bbox 68 587 145 614; x_wconf 82' lang='lat' dir='ltr'>cus</span> <span class='ocrx_word' id='word_1_38' title='bbox 185 572 410 620; x_wconf 81' lang='lat' dir='ltr'>narrat⁴⁵).</span> <span class='ocrx_word' id='word_1_39' title='bbox 490 570 634 610; x_wconf 85' lang='lat' dir='ltr'>Multa</span> <span class='ocrx_word' id='word_1_40' title='bbox 677 568 799 610; x_wconf 83' lang='lat' dir='ltr'>enim</span> <span class='ocrx_word' id='word_1_41' title='bbox 842 582 971 624; x_wconf 87' lang='lat' dir='ltr'>saepe</span> <span class='ocrx_word' id='word_1_42' title='bbox 1022 568 1137 609; x_wconf 85' lang='lat' dir='ltr'>fiunt</span> <span class='ocrx_word' id='word_1_43' title='bbox 1184 568 1401 625; x_wconf 85' lang='lat' dir='ltr'>temporis</span> 
     </span>
     <span class='ocr_line' id='line_1_8' title="bbox 67 638 1401 698; baseline -0.003 -14"><span class='ocrx_word' id='word_1_44' title='bbox 67 657 220 691; x_wconf 87' lang='lat' dir='ltr'>causa,</span> <span class='ocrx_word' id='word_1_45' title='bbox 263 655 375 698; x_wconf 85' lang='lat' dir='ltr'>quae</span> <span class='ocrx_word' id='word_1_46' title='bbox 416 638 510 680; x_wconf 88' lang='lat' dir='ltr'>fieri</span> <span class='ocrx_word' id='word_1_47' title='bbox 557 641 675 695; x_wconf 83' lang='lat' dir='ltr'>leges</span> <span class='ocrx_word' id='word_1_48' title='bbox 716 639 928 688; x_wconf 72' lang='lat' dir='ltr'>universe</span> <span class='ocrx_word' id='word_1_49' title='bbox 959 650 1222 688; x_wconf 81' lang='lat' dir='ltr'>vetuerunt,</span> <span class='ocrx_word' id='word_1_50' title='bbox 1265 652 1401 697; x_wconf 86' lang='lat' dir='ltr'>atque</span> 
     </span>
     <span class='ocr_line' id='line_1_9' title="bbox 66 708 1401 769; baseline -0.004 -15"><span class='ocrx_word' id='word_1_51' title='bbox 66 715 186 754; x_wconf 87' lang='lat' dir='ltr'>bono</span> <span class='ocrx_word' id='word_1_52' title='bbox 226 712 410 769; x_wconf 87' lang='lat' dir='ltr'>publico</span> <span class='ocrx_word' id='word_1_53' title='bbox 451 710 611 752; x_wconf 82' lang='lat' dir='ltr'>melius</span> <span class='ocrx_word' id='word_1_54' title='bbox 653 724 987 766; x_wconf 82' lang='lat' dir='ltr'>nonnunquam</span> <span class='ocrx_word' id='word_1_55' title='bbox 1027 708 1277 750; x_wconf 86' lang='lat' dir='ltr'>consulitur</span> <span class='ocrx_word' id='word_1_56' title='bbox 1318 723 1401 749; x_wconf 88' lang='lat' dir='ltr'>ne-</span> 
     </span>
     <span class='ocr_line' id='line_1_10' title="bbox 67 778 1398 841; baseline -0.001 -18"><span class='ocrx_word' id='word_1_57' title='bbox 67 782 284 840; x_wconf 85' lang='lat' dir='ltr'>gligendis</span> <span class='ocrx_word' id='word_1_58' title='bbox 317 798 450 841; x_wconf 86' lang='lat' dir='ltr'>quam</span> <span class='ocrx_word' id='word_1_59' title='bbox 481 781 616 824; x_wconf 85' lang='lat' dir='ltr'>nimis</span> <span class='ocrx_word' id='word_1_60' title='bbox 657 782 864 839; x_wconf 86' lang='lat' dir='ltr'>religiose</span> <span class='ocrx_word' id='word_1_61' title='bbox 898 780 1182 823; x_wconf 74' lang='lat' dir='ltr'>observandis</span> <span class='ocrx_word' id='word_1_62' title='bbox 1215 778 1398 837; x_wconf 78' lang='lat' dir='ltr'>legibuS.</span> 
     </span>
    </p>
   </div>
   <div class='ocr_carea' id='block_1_3' title="bbox 357 1061 1148 1245">
    <p class='ocr_par' dir='ltr' id='par_1_3' title="bbox 357 1061 1148 1245">
     <span class='ocr_line' id='line_1_11' title="bbox 357 1061 1148 1124; baseline -0.001 0"><span class='ocrx_word' id='word_1_63' title='bbox 357 1078 401 1124; x_wconf 80' lang='lat' dir='ltr'><strong><em>C</em></strong></span> <span class='ocrx_word' id='word_1_64' title='bbox 464 1075 516 1123; x_wconf 84' lang='lat' dir='ltr'><em>A</em></span> <span class='ocrx_word' id='word_1_65' title='bbox 580 1078 628 1123; x_wconf 90' lang='lat' dir='ltr'><strong><em>P</em></strong></span> <span class='ocrx_word' id='word_1_66' title='bbox 701 1077 751 1122; x_wconf 87' lang='lat' dir='ltr'><em>U</em></span> <span class='ocrx_word' id='word_1_67' title='bbox 822 1078 869 1124; x_wconf 82' lang='lat' dir='ltr'><em>T</em></span> <span class='ocrx_word' id='word_1_68' title='bbox 989 1061 1148 1124; x_wconf 47' lang='lat' dir='ltr'>XIIX</span> 
     </span>
     <span class='ocr_line' id='line_1_12' title="bbox 518 1184 972 1245; baseline 0 -15"><span class='ocrx_word' id='word_1_69' title='bbox 518 1187 586 1230; x_wconf 85' lang='lat' dir='ltr'>De</span> <span class='ocrx_word' id='word_1_70' title='bbox 617 1184 972 1245; x_wconf 75' lang='lat' dir='ltr'>Pseplzismatis.</span> 
     </span>
    </p>
   </div>
   <div class='ocr_carea' id='block_1_4' title="bbox 623 1284 829 1294">
    <p class='ocr_par' dir='ltr' id='par_1_4' title="bbox 623 1284 829 1294">
     <span class='ocr_line' id='line_1_13' title="bbox 623 1284 829 1294; baseline 0 1764"><span class='ocrx_word' id='word_1_71' title='bbox 623 1284 829 1294; x_wconf 95' lang='lat' dir='ltr'> </span> 
     </span>
    </p>
   </div>
   <div class='ocr_carea' id='block_1_5' title="bbox 67 1346 1403 1758">
    <p class='ocr_par' dir='ltr' id='par_1_5' title="bbox 67 1346 1403 1758">
     <span class='ocr_line' id='line_1_14' title="bbox 131 1346 1400 1404; baseline -0.002 -14"><span class='ocrx_word' id='word_1_72' title='bbox 131 1346 454 1404; x_wconf 82' lang='lat' dir='ltr'>-Psephismata</span> <span class='ocrx_word' id='word_1_73' title='bbox 496 1346 544 1386; x_wconf 89' lang='lat' dir='ltr'>in</span> <span class='ocrx_word' id='word_1_74' title='bbox 584 1346 780 1389; x_wconf 88' lang='lat' dir='ltr'>comitiis</span> <span class='ocrx_word' id='word_1_75' title='bbox 818 1349 984 1404; x_wconf 88' lang='lat' dir='ltr'>perlata</span> <span class='ocrx_word' id='word_1_76' title='bbox 1027 1358 1070 1387; x_wconf 89' lang='lat' dir='ltr'>et</span> <span class='ocrx_word' id='word_1_77' title='bbox 1101 1347 1262 1404; x_wconf 84' lang='lat' dir='ltr'>&#39;populi</span> <span class='ocrx_word' id='word_1_78' title='bbox 1304 1347 1400 1390; x_wconf 83' lang='lat' dir='ltr'>suf.</span> 
     </span>
     <span class='ocr_line' id='line_1_15' title="bbox 68 1415 1399 1475; baseline 0.002 -15"><span class='ocrx_word' id='word_1_79' title='bbox 68 1415 219 1475; x_wconf 72' lang='lat' dir='ltr'>flagiis</span> <span class='ocrx_word' id='word_1_80' title='bbox 251 1418 508 1460; x_wconf 85' lang='lat' dir='ltr'>confirmata</span> <span class='ocrx_word' id='word_1_81' title='bbox 523 1421 556 1472; x_wconf 87' lang='lat'>¹)</span> <span class='ocrx_word' id='word_1_82' title='bbox 587 1419 636 1459; x_wconf 83' lang='lat' dir='ltr'>iu</span> <span class='ocrx_word' id='word_1_83' title='bbox 668 1419 828 1460; x_wconf 87' lang='lat' dir='ltr'>tabulis</span> <span class='ocrx_word' id='word_1_84' title='bbox 859 1416 1121 1474; x_wconf 86' lang='lat' dir='ltr'>perscripta,</span> <span class='ocrx_word' id='word_1_85' title='bbox 1153 1434 1256 1461; x_wconf 90' lang='lat' dir='ltr'>cum</span> <span class='ocrx_word' id='word_1_86' title='bbox 1290 1432 1399 1463; x_wconf 87' lang='lat' dir='ltr'>tem-</span> 
     </span>
     <span class='ocr_line' id='line_1_16' title="bbox 67 1486 1401 1546; baseline 0.001 -16"><span class='ocrx_word' id='word_1_87' title='bbox 67 1489 209 1546; x_wconf 85' lang='lat' dir='ltr'>poris,</span> <span class='ocrx_word' id='word_1_88' title='bbox 249 1503 336 1544; x_wconf 88' lang='lat' dir='ltr'>quo</span> <span class='ocrx_word' id='word_1_89' title='bbox 367 1490 531 1544; x_wconf 86' lang='lat' dir='ltr'>perlata</span> <span class='ocrx_word' id='word_1_90' title='bbox 565 1501 710 1540; x_wconf 86' lang='lat' dir='ltr'>erant,</span> <span class='ocrx_word' id='word_1_91' title='bbox 749 1486 1185 1544; x_wconf 62' lang='lat' dir='ltr'>notatione,“atque</span> <span class='ocrx_word' id='word_1_92' title='bbox 1218 1490 1401 1546; x_wconf 88' lang='lat' dir='ltr'>Epista-</span> 
     </span>
     <span class='ocr_line' id='line_1_17' title="bbox 67 1558 1401 1615; baseline 0.001 -14"><span class='ocrx_word' id='word_1_93' title='bbox 67 1571 164 1608; x_wconf 83' lang='lat' dir='ltr'>tae,</span> <span class='ocrx_word' id='word_1_94' title='bbox 195 1558 272 1615; x_wconf 88' lang='lat' dir='ltr'>qui</span> <span class='ocrx_word' id='word_1_95' title='bbox 305 1561 358 1600; x_wconf 88' lang='lat' dir='ltr'>de</span> <span class='ocrx_word' id='word_1_96' title='bbox 388 1558 445 1600; x_wconf 88' lang='lat' dir='ltr'>iis</span> <span class='ocrx_word' id='word_1_97' title='bbox 477 1559 737 1615; x_wconf 77' lang='lat' dir='ltr'>suffragium</span> <span class='ocrx_word' id='word_1_98' title='bbox 776 1561 942 1615; x_wconf 88' lang='lat' dir='ltr'>populo</span> <span class='ocrx_word' id='word_1_99' title='bbox 990 1559 1269 1615; x_wconf 85' lang='lat' dir='ltr'>permiserat,</span> <span class='ocrx_word' id='word_1_100' title='bbox 1313 1577 1401 1603; x_wconf 87' lang='lat' dir='ltr'>no-</span> 
     </span>
     <span class='ocr_line' id='line_1_18' title="bbox 68 1629 1401 1687; baseline 0.002 -16"><span class='ocrx_word' id='word_1_101' title='bbox 68 1630 205 1676; x_wconf 78' lang='lat' dir='ltr'>mine.</span> <span class='ocrx_word' id='word_1_102' title='bbox 239 1630 540 1672; x_wconf 84' lang='lat' dir='ltr'>referebantur</span> <span class='ocrx_word' id='word_1_103' title='bbox 562 1630 609 1671; x_wconf 87' lang='lat' dir='ltr'>in</span> <span class='ocrx_word' id='word_1_104' title='bbox 634 1631 787 1670; x_wconf 85' lang='lat' dir='ltr'>aedem</span> <span class='ocrx_word' id='word_1_105' title='bbox 811 1630 966 1672; x_wconf 83' lang='lat' dir='ltr'>matris</span> <span class='ocrx_word' id='word_1_106' title='bbox 989 1634 1201 1678; x_wconf 82' lang='lat' dir='ltr'>Deorum,</span> <span class='ocrx_word' id='word_1_107' title='bbox 1233 1629 1282 1670; x_wconf 89' lang='lat' dir='ltr'>in</span> <span class='ocrx_word' id='word_1_108' title='bbox 1314 1647 1401 1687; x_wconf 88' lang='lat' dir='ltr'>qua</span> 
     </span>
     <span class='ocr_line' id='line_1_19' title="bbox 71 1699 1403 1758; baseline 0.002 -16"><span class='ocrx_word' id='word_1_109' title='bbox 71 1714 224 1742; x_wconf 86' lang='lat' dir='ltr'>omnes</span> <span class='ocrx_word' id='word_1_110' title='bbox 256 1703 428 1743; x_wconf 83' lang='lat' dir='ltr'>tabulae</span> <span class='ocrx_word' id='word_1_111' title='bbox 449 1701 657 1757; x_wconf 86' lang='lat' dir='ltr'>publicae</span> <span class='ocrx_word' id='word_1_112' title='bbox 674 1701 961 1742; x_wconf 80' lang='lat' dir='ltr'>servabantur</span> <span class='ocrx_word' id='word_1_113' title='bbox 974 1702 1011 1750; x_wconf 86' lang='lat'>²)</span> <span class='ocrx_word' id='word_1_114' title='bbox 1042 1714 1065 1740; x_wconf 89' lang='lat' dir='ltr'>a</span> <span class='ocrx_word' id='word_1_115' title='bbox 1086 1699 1228 1741; x_wconf 88' lang='lat' dir='ltr'>scriba</span> <span class='ocrx_word' id='word_1_116' title='bbox 1250 1702 1403 1758; x_wconf 86' lang='lat' dir='ltr'>publi-</span> 
     </span>
    </p>
   </div>
   <div class='ocr_carea' id='block_1_6' title="bbox 68 1839 1401 2006">
    <p class='ocr_par' dir='ltr' id='par_1_6' title="bbox 68 1839 1401 2006">
     <span class='ocr_line' id='line_1_20' title="bbox 114 1839 1401 1888; baseline 0.004 -16"><span class='ocrx_word' id='word_1_117' title='bbox 114 1840 175 1883; x_wconf 86' lang='lat'>44)</span> <span class='ocrx_word' id='word_1_118' title='bbox 201 1839 372 1885; x_wconf 77' lang='lat' dir='ltr'><strong>Thucyd.</strong></span> <span class='ocrx_word' id='word_1_119' title='bbox 397 1841 461 1874; x_wconf 87' lang='lat' dir='ltr'>VI.</span> <span class='ocrx_word' id='word_1_120' title='bbox 481 1853 532 1885; x_wconf 89' lang='lat'>¹4-</span> <span class='ocrx_word' id='word_1_121' title='bbox 554 1839 800 1886; x_wconf 67' lang='grc' dir='ltr'>α’ναψηᾳίζειν</span> <span class='ocrx_word' id='word_1_122' title='bbox 826 1846 901 1875; x_wconf 65' lang='lat' dir='ltr'>est:</span> <span class='ocrx_word' id='word_1_123' title='bbox 929 1840 1068 1873; x_wconf 76' lang='lat' dir='ltr'>iterum</span> <span class='ocrx_word' id='word_1_124' title='bbox 1090 1839 1401 1888; x_wconf 70' lang='grc' dir='ltr'>ἐπιψηφίζειν.-</span> 
     </span>
     <span class='ocr_line' id='line_1_21' title="bbox 68 1898 1401 1946; baseline 0.003 -13"><span class='ocrx_word' id='word_1_125' title='bbox 68 1898 237 1934; x_wconf 84' lang='lat' dir='ltr'>Verbum</span> <span class='ocrx_word' id='word_1_126' title='bbox 271 1898 580 1946; x_wconf 76' lang='grc' dir='ltr'><strong><em>οἷναψηφίζεσθαι</em></strong></span> <span class='ocrx_word' id='word_1_127' title='bbox 614 1901 745 1935; x_wconf 82' lang='lat' dir='ltr'>Suidas</span> <span class='ocrx_word' id='word_1_128' title='bbox 781 1901 889 1934; x_wconf 80' lang='lat' dir='ltr'>affert</span> <span class='ocrx_word' id='word_1_129' title='bbox 925 1912 946 1934; x_wconf 90' lang='lat' dir='ltr'>e</span> <span class='ocrx_word' id='word_1_130' title='bbox 979 1900 1218 1935; x_wconf 78' lang='lat' dir='ltr'>Pherecratis</span> <span class='ocrx_word' id='word_1_131' title='bbox 1243 1902 1401 1937; x_wconf 79' lang='lat' dir='ltr'>Dulodi-</span> 
     </span>
     <span class='ocr_line' id='line_1_22' title="bbox 69 1959 993 2006; baseline 0.001 -12"><span class='ocrx_word' id='word_1_132' title='bbox 69 1959 240 2003; x_wconf 82' lang='lat' dir='ltr'>dascalo,</span> <span class='ocrx_word' id='word_1_133' title='bbox 267 1967 306 1995; x_wconf 85' lang='lat' dir='ltr'>et</span> <span class='ocrx_word' id='word_1_134' title='bbox 334 1962 628 2005; x_wconf 80' lang='lat' dir='ltr'>interpretatur:</span> <span class='ocrx_word' id='word_1_135' title='bbox 655 1962 993 2006; x_wconf 67' lang='grc' dir='ltr'>μεταψηᾳίζεσθαι.</span> 
     </span>
    </p>
   </div>
   <div class='ocr_carea' id='block_1_7' title="bbox 115 2028 570 2073">
    <p class='ocr_par' dir='ltr' id='par_1_7' title="bbox 115 2028 570 2073">
     <span class='ocr_line' id='line_1_23' title="bbox 115 2028 570 2073; baseline 0.002 -11"><span class='ocrx_word' id='word_1_136' title='bbox 115 2030 176 2073; x_wconf 85' lang='lat'>45)</span> <span class='ocrx_word' id='word_1_137' title='bbox 201 2028 370 2073; x_wconf 79' lang='lat' dir='ltr'><strong>Thucyd.</strong></span> <span class='ocrx_word' id='word_1_138' title='bbox 401 2030 472 2063; x_wconf 91' lang='lat' dir='ltr'><strong>III.</strong></span> <span class='ocrx_word' id='word_1_139' title='bbox 513 2030 570 2073; x_wconf 80' lang='lat'>56.</span> 
     </span>
    </p>
   </div>
   <div class='ocr_carea' id='block_1_8' title="bbox 69 2093 1405 2696">
    <p class='ocr_par' dir='ltr' id='par_1_8' title="bbox 69 2093 1405 2263">
     <span class='ocr_line' id='line_1_24' title="bbox 118 2093 1405 2144; baseline 0.004 -15"><span class='ocrx_word' id='word_1_140' title='bbox 118 2098 154 2140; x_wconf 85' lang='lat'>1)</span> <span class='ocrx_word' id='word_1_141' title='bbox 182 2097 258 2142; x_wconf 83' lang='lat' dir='ltr'>Qui</span> <span class='ocrx_word' id='word_1_142' title='bbox 282 2097 441 2141; x_wconf 81' lang='lat' dir='ltr'>pertulit</span> <span class='ocrx_word' id='word_1_143' title='bbox 465 2099 715 2142; x_wconf 73' lang='lat' dir='ltr'>rogationem,</span> <span class='ocrx_word' id='word_1_144' title='bbox 741 2097 885 2142; x_wconf 77' lang='grc' dir='ltr'><strong><em>νικῆσαι</em></strong></span> <span class='ocrx_word' id='word_1_145' title='bbox 911 2098 1050 2131; x_wconf 81' lang='lat' dir='ltr'>dicitur</span> <span class='ocrx_word' id='word_1_146' title='bbox 1075 2095 1117 2133; x_wconf 75' lang='grc' dir='ltr'>τό</span> <span class='ocrx_word' id='word_1_147' title='bbox 1146 2093 1318 2144; x_wconf 65' lang='grc' dir='ltr'>ψήφισμα</span> <span class='ocrx_word' id='word_1_148' title='bbox 1341 2100 1405 2134; x_wconf 78' lang='lat' dir='ltr'>vel</span> 
     </span>
     <span class='ocr_line' id='line_1_25' title="bbox 69 2155 1403 2203; baseline -0.001 -10"><span class='ocrx_word' id='word_1_149' title='bbox 69 2155 140 2201; x_wconf 79' lang='grc' dir='ltr'>τήν</span> <span class='ocrx_word' id='word_1_150' title='bbox 157 2155 326 2202; x_wconf 76' lang='grc' dir='ltr'><em>γνώμην,</em></span> <span class='ocrx_word' id='word_1_151' title='bbox 352 2162 394 2190; x_wconf 89' lang='lat' dir='ltr'>ut</span> <span class='ocrx_word' id='word_1_152' title='bbox 417 2168 474 2201; x_wconf 82' lang='lat' dir='ltr'>ap.</span> <span class='ocrx_word' id='word_1_153' title='bbox 501 2158 728 2192; x_wconf 80' lang='lat' dir='ltr'>Aeschinem</span> <span class='ocrx_word' id='word_1_154' title='bbox 752 2158 834 2193; x_wconf 74' lang='lat' dir='ltr'>adV.</span> <span class='ocrx_word' id='word_1_155' title='bbox 870 2157 1105 2202; x_wconf 80' lang='lat' dir='ltr'>Ctesiphont.</span> <span class='ocrx_word' id='word_1_156' title='bbox 1138 2168 1174 2201; x_wconf 83' lang='lat' dir='ltr'>p.</span> <span class='ocrx_word' id='word_1_157' title='bbox 1204 2167 1280 2200; x_wconf 78' lang='lat'><strong>452.</strong></span> <span class='ocrx_word' id='word_1_158' title='bbox 1316 2155 1403 2203; x_wconf 66' lang='grc' dir='ltr'>νικᾷ</span> 
     </span>
     <span class='ocr_line' id='line_1_26' title="bbox 70 2215 1306 2263; baseline -0.002 -11"><span class='ocrx_word' id='word_1_159' title='bbox 70 2215 142 2262; x_wconf 72' lang='grc' dir='ltr'>γᾰρ</span> <span class='ocrx_word' id='word_1_160' title='bbox 167 2215 292 2260; x_wconf 76' lang='grc' dir='ltr'><strong><em>ἕτερον</em></strong></span> <span class='ocrx_word' id='word_1_161' title='bbox 316 2215 486 2262; x_wconf 67' lang='grc' dir='ltr'><em>ψήφισμα</em></span> <span class='ocrx_word' id='word_1_162' title='bbox 512 2218 749 2263; x_wconf 71' lang='grc' dir='ltr'>Φιλοκράτης.</span> <span class='ocrx_word' id='word_1_163' title='bbox 797 2218 986 2262; x_wconf 86' lang='lat' dir='ltr'>Aristoph.</span> <span class='ocrx_word' id='word_1_164' title='bbox 1015 2218 1138 2252; x_wconf 84' lang='lat' dir='ltr'>Nubh.</span> <span class='ocrx_word' id='word_1_165' title='bbox 1165 2230 1199 2250; x_wconf 84' lang='lat' dir='ltr'>v.</span> <span class='ocrx_word' id='word_1_166' title='bbox 1226 2229 1306 2262; x_wconf 84' lang='lat'>431.</span> 
     </span>
    </p>

    <p class='ocr_par' dir='ltr' id='par_1_9' title="bbox 165 2273 1215 2324">
     <span class='ocr_line' id='line_1_27' title="bbox 165 2273 1215 2324; baseline 0.001 -12"><span class='ocrx_word' id='word_1_167' title='bbox 165 2273 231 2312; x_wconf 79' lang='grc' dir='ltr'>Ἐν</span> <span class='ocrx_word' id='word_1_168' title='bbox 253 2274 305 2320; x_wconf 68' lang='grc' dir='ltr'>τῷ</span> <span class='ocrx_word' id='word_1_169' title='bbox 330 2273 431 2322; x_wconf 78' lang='grc' dir='ltr'><em>δήμῳ</em></span> <span class='ocrx_word' id='word_1_170' title='bbox 455 2275 599 2323; x_wconf 71' lang='grc' dir='ltr'><em>γνώμας</em></span> <span class='ocrx_word' id='word_1_171' title='bbox 623 2277 736 2316; x_wconf 67' lang='grc' dir='ltr'>οὐδεὶς</span> <span class='ocrx_word' id='word_1_172' title='bbox 760 2278 895 2324; x_wconf 76' lang='grc' dir='ltr'><em>νικήσει</em></span> <span class='ocrx_word' id='word_1_173' title='bbox 919 2278 1091 2314; x_wconf 78' lang='grc' dir='ltr'><em>πλείονας</em></span> <span class='ocrx_word' id='word_1_174' title='bbox 1114 2276 1139 2322; x_wconf 80' lang='grc' dir='ltr'><em>ἤ</em></span> <span class='ocrx_word' id='word_1_175' title='bbox 1162 2277 1215 2313; x_wconf 85' lang='grc' dir='ltr'>σι’·.</span> 
     </span>
    </p>

    <p class='ocr_par' dir='ltr' id='par_1_10' title="bbox 73 2344 1405 2696">
     <span class='ocr_line' id='line_1_28' title="bbox 121 2344 1401 2393; baseline 0.002 -14"><span class='ocrx_word' id='word_1_176' title='bbox 121 2345 156 2388; x_wconf 82' lang='lat'>2)</span> <span class='ocrx_word' id='word_1_177' title='bbox 183 2344 380 2378; x_wconf 88' lang='lat' dir='ltr'>Demosth.</span> <span class='ocrx_word' id='word_1_178' title='bbox 407 2345 454 2379; x_wconf 86' lang='lat' dir='ltr'>de</span> <span class='ocrx_word' id='word_1_179' title='bbox 474 2345 556 2379; x_wconf 78' lang='lat' dir='ltr'>fals.</span> <span class='ocrx_word' id='word_1_180' title='bbox 582 2346 656 2392; x_wconf 82' lang='lat' dir='ltr'>leg.</span> <span class='ocrx_word' id='word_1_181' title='bbox 682 2359 718 2392; x_wconf 90' lang='lat' dir='ltr'>p.</span> <span class='ocrx_word' id='word_1_182' title='bbox 745 2354 824 2393; x_wconf 80' lang='lat'>381.</span> <span class='ocrx_word' id='word_1_183' title='bbox 842 2348 923 2380; x_wconf 77' lang='lat' dir='ltr'><strong>adv.</strong></span> <span class='ocrx_word' id='word_1_184' title='bbox 943 2346 1185 2392; x_wconf 84' lang='lat' dir='ltr'>Aristogiton.</span> <span class='ocrx_word' id='word_1_185' title='bbox 1208 2347 1239 2380; x_wconf 91' lang='grc' dir='ltr'>Ι.</span> <span class='ocrx_word' id='word_1_186' title='bbox 1261 2358 1296 2392; x_wconf 90' lang='lat' dir='ltr'>p.</span> <span class='ocrx_word' id='word_1_187' title='bbox 1321 2359 1401 2393; x_wconf 84' lang='lat'><em>799.</em></span> 
     </span>
     <span class='ocr_line' id='line_1_29' title="bbox 75 2404 1401 2453; baseline 0.003 -15"><span class='ocrx_word' id='word_1_188' title='bbox 75 2404 124 2438; x_wconf 86' lang='lat' dir='ltr'>cf.</span> <span class='ocrx_word' id='word_1_189' title='bbox 149 2404 273 2438; x_wconf 78' lang='lat' dir='ltr'>Vales.</span> <span class='ocrx_word' id='word_1_190' title='bbox 299 2404 346 2438; x_wconf 89' lang='lat' dir='ltr'>ad</span> <span class='ocrx_word' id='word_1_191' title='bbox 369 2406 654 2449; x_wconf 65' lang='lat' dir='ltr'>Harpocration.</span> <span class='ocrx_word' id='word_1_192' title='bbox 680 2419 716 2452; x_wconf 84' lang='lat' dir='ltr'>p.</span> <span class='ocrx_word' id='word_1_193' title='bbox 742 2413 816 2446; x_wconf 88' lang='lat'>128.</span> <span class='ocrx_word' id='word_1_194' title='bbox 835 2406 1058 2452; x_wconf 75' lang='lat' dir='ltr'>wesseling.</span> <span class='ocrx_word' id='word_1_195' title='bbox 1086 2406 1131 2440; x_wconf 87' lang='lat' dir='ltr'>ad</span> <span class='ocrx_word' id='word_1_196' title='bbox 1154 2407 1263 2441; x_wconf 77' lang='lat' dir='ltr'>Petit.</span> <span class='ocrx_word' id='word_1_197' title='bbox 1285 2409 1401 2453; x_wconf 80' lang='lat' dir='ltr'>Legg.</span> 
     </span>
     <span class='ocr_line' id='line_1_30' title="bbox 73 2454 1401 2512; baseline 0.002 -14"><span class='ocrx_word' id='word_1_198' title='bbox 73 2464 186 2498; x_wconf 81' lang='lat' dir='ltr'><strong>Attio.</strong></span> <span class='ocrx_word' id='word_1_199' title='bbox 210 2475 248 2508; x_wconf 87' lang='lat' dir='ltr'>p.</span> <span class='ocrx_word' id='word_1_200' title='bbox 277 2469 352 2510; x_wconf 85' lang='lat'>178.</span> <span class='ocrx_word' id='word_1_201' title='bbox 371 2454 716 2511; x_wconf 76' lang='lat' dir='ltr'>Schweighaeuser.</span> <span class='ocrx_word' id='word_1_202' title='bbox 735 2468 1048 2503; x_wconf 80' lang='lat' dir='ltr'>ad·Atheuaeum.</span> <span class='ocrx_word' id='word_1_203' title='bbox 1069 2470 1111 2502; x_wconf 90' lang='lat' dir='ltr'>V.</span> <span class='ocrx_word' id='word_1_204' title='bbox 1133 2479 1164 2501; x_wconf 90' lang='lat' dir='ltr'>c.</span> <span class='ocrx_word' id='word_1_205' title='bbox 1185 2478 1240 2512; x_wconf 84' lang='lat'>53.</span> <span class='ocrx_word' id='word_1_206' title='bbox 1256 2469 1401 2502; x_wconf 86' lang='lat' dir='ltr'>Meurs.</span> 
     </span>
     <span class='ocr_line' id='line_1_31' title="bbox 73 2524 1405 2574; baseline 0.004 -17"><span class='ocrx_word' id='word_1_207' title='bbox 73 2525 197 2558; x_wconf 88' lang='lat' dir='ltr'>Lectt.</span> <span class='ocrx_word' id='word_1_208' title='bbox 223 2524 334 2558; x_wconf 79' lang='lat' dir='ltr'><strong>Attio.</strong></span> <span class='ocrx_word' id='word_1_209' title='bbox 360 2527 390 2559; x_wconf 93' lang='lat' dir='ltr'>I.</span> <span class='ocrx_word' id='word_1_210' title='bbox 416 2537 447 2560; x_wconf 87' lang='lat' dir='ltr'>c.</span> <span class='ocrx_word' id='word_1_211' title='bbox 478 2539 528 2560; x_wconf 89' lang='grc'>11.</span> <span class='ocrx_word' id='word_1_212' title='bbox 557 2546 602 2552; x_wconf 82' lang='grc'><strong>-</strong></span> <span class='ocrx_word' id='word_1_213' title='bbox 658 2529 862 2574; x_wconf 75' lang='lat' dir='ltr'>Perperam</span> <span class='ocrx_word' id='word_1_214' title='bbox 894 2528 991 2562; x_wconf 83' lang='lat' dir='ltr'>hanc</span> <span class='ocrx_word' id='word_1_215' title='bbox 1021 2528 1155 2562; x_wconf 84' lang='lat' dir='ltr'>aedem</span> <span class='ocrx_word' id='word_1_216' title='bbox 1190 2539 1275 2562; x_wconf 88' lang='lat' dir='ltr'>cum</span> <span class='ocrx_word' id='word_1_217' title='bbox 1308 2533 1405 2564; x_wconf 71' lang='lat' dir='ltr'>Bor-</span> 
     </span>
     <span class='ocr_line' id='line_1_32' title="bbox 76 2584 1403 2631; baseline 0.002 -11"><span class='ocrx_word' id='word_1_218' title='bbox 76 2584 252 2631; x_wconf 73' lang='grc' dir='ltr'>λευτηρίῳ</span> <span class='ocrx_word' id='word_1_219' title='bbox 271 2585 469 2620; x_wconf 83' lang='lat' dir='ltr'>confundit</span> <span class='ocrx_word' id='word_1_220' title='bbox 489 2587 633 2621; x_wconf 83' lang='lat' dir='ltr'>Petitus</span> <span class='ocrx_word' id='word_1_221' title='bbox 658 2587 683 2621; x_wconf 90' lang='lat' dir='ltr'>l.</span> <span class='ocrx_word' id='word_1_222' title='bbox 710 2588 734 2622; x_wconf 84' lang='lat'>1.</span> <span class='ocrx_word' id='word_1_223' title='bbox 751 2615 760 2630; x_wconf 81' lang='lat'>,</span> <span class='ocrx_word' id='word_1_224' title='bbox 783 2595 863 2622; x_wconf 85' lang='lat' dir='ltr'>erat</span> <span class='ocrx_word' id='word_1_225' title='bbox 885 2594 1014 2623; x_wconf 81' lang='lat' dir='ltr'>tamen</span> <span class='ocrx_word' id='word_1_226' title='bbox 1037 2589 1126 2622; x_wconf 88' lang='lat' dir='ltr'>huic</span> <span class='ocrx_word' id='word_1_227' title='bbox 1151 2589 1284 2623; x_wconf 86' lang='lat' dir='ltr'>vicina.</span> <span class='ocrx_word' id='word_1_228' title='bbox 1334 2592 1403 2623; x_wconf 83' lang='lat' dir='ltr'>Ae-</span> 
     </span>
     <span class='ocr_line' id='line_1_33' title="bbox 78 2645 1403 2696; baseline 0.004 -17"><span class='ocrx_word' id='word_1_229' title='bbox 78 2645 198 2681; x_wconf 80' lang='lat' dir='ltr'>schin.</span> <span class='ocrx_word' id='word_1_230' title='bbox 229 2645 308 2680; x_wconf 85' lang='lat' dir='ltr'><strong>adv.</strong></span> <span class='ocrx_word' id='word_1_231' title='bbox 336 2646 568 2693; x_wconf 78' lang='lat' dir='ltr'>ctesiphont.</span> <span class='ocrx_word' id='word_1_232' title='bbox 594 2659 630 2693; x_wconf 84' lang='lat' dir='ltr'>p.</span> <span class='ocrx_word' id='word_1_233' title='bbox 661 2650 740 2694; x_wconf 81' lang='lat'><em>576.</em></span> <span class='ocrx_word' id='word_1_234' title='bbox 768 2650 922 2686; x_wconf 74' lang='lat' dir='ltr'>Pausan.</span> <span class='ocrx_word' id='word_1_235' title='bbox 950 2650 1059 2684; x_wconf 75' lang='lat' dir='ltr'>Attic.</span> <span class='ocrx_word' id='word_1_236' title='bbox 1093 2661 1129 2684; x_wconf 63' lang='lat' dir='ltr'>c,</span> <span class='ocrx_word' id='word_1_237' title='bbox 1154 2661 1185 2695; x_wconf 82' lang='lat'>5.</span> <span class='ocrx_word' id='word_1_238' title='bbox 1213 2652 1246 2696; x_wconf 66' lang='lat' dir='ltr'>g.</span> <span class='ocrx_word' id='word_1_239' title='bbox 1274 2663 1306 2694; x_wconf 88' lang='lat'>4.</span> <span class='ocrx_word' id='word_1_240' title='bbox 1357 2651 1403 2685; x_wconf 76' lang='lat'>111</span> 
     </span>
    </p>
   </div>
   <div class='ocr_carea' id='block_1_9' title="bbox 1084 2715 1123 2752">
    <p class='ocr_par' dir='ltr' id='par_1_11' title="bbox 1084 2715 1123 2752">
     <span class='ocr_line' id='line_1_34' title="bbox 1084 2715 1123 2752; baseline -0.026 0"><span class='ocrx_word' id='word_1_241' title='bbox 1084 2715 1123 2752; x_wconf 77' lang='lat' dir='ltr'>H</span> 
     </span>
    </p>
   </div>
  </div>
 </body>
</html>
