1706 3058
1318 110 1401 168 549

12 203 15 205 ,
78 203 346 273 scriptorum
385 212 632 269 profectam
672 225 787 261 ease,
831 212 910 271 qui
951 228 974 257 e
1012 214 1202 272 poeticis
1242 216 1402 259 fabulis

72 286 235 346 'populi
287 285 421 328 Attici
470 283 756 340 antiquitates
803 297 1152 333 contexuerunt,
1210 303 1403 345 quorum

81 358 205 402 haud
236 357 365 415 pauci
396 357 577 413 passim.
611 356 956 398 aGrammaticis
978 359 1228 414 praecipue,
1259 361 1405 402 lauda·

82 429 122 472 ri
148 431 354 484 solemn).
415 428 587 469 Horum
621 427 761 483 igitur
790 425 1059 482 scriptorum
1091 429 1267 484 aliquis,
1301 445 1407 473 cum

81 515 174 552 eas,
214 515 325 556 quae
356 502 410 542 ad
439 499 717 542 Clisthenem
749 513 891 553 usque
922 512 1281 554 permanserunt,
1327 501 1409 543 tri-

80 573 163 614 bus
193 586 286 612 non
317 583 416 612 ante
446 575 600 613 Ionem
633 568 841 610 instituta
872 585 962 611 esse
994 570 1146 620 sciret,
1181 587 1412 628 quaerens,·

82 657 298 699 quaenam
343 653 445 683 ante
486 642 597 683 illud
638 652 811 695 tempus
851 642 1003 696 populi
1046 642 1207 685 divisio
1240 643 1405 693 fuisset,

80 728 185 757 cum
217 712 380 770 passim
412 713 458 754 in
494 711 787 759 carminibus,
831 726 943 767 quae
983 715 1264 772 denecrope
1295 717 1410 758 Cra-

79 800 252 841 naoque
293 796 491 842 agerent.
539 785 903 833 Autochthones‚
955 785 1243 842 CecropidaS‚
1295 789 1408 831 Cra-

73 866 211 911 nans,
246 859 447 903 Actaeos,
479 853 678 910 itemque
711 858 1014 912 Mesogaeam,
1047 858 1275 906 paraliam,
1308 861 1409 902 Dia-

81 930 216 970 eriam
252 926 475 972 Atthidem
507 926 732 968 nominari
757 927 942 976 videret,
974 927 1020 969 in
1053 931 1132 970 hac
1162 929 1408 972 nominum

83 998 353 1048 diversitate,
385 1014 495 1046 eam,
528 1014 659 1054 quam
682 1001 929 1054 quaerebat,
952 1000 1108 1055 populi
1133 999 1409 1044 divisionem

81 1069 369 1125 tribuumque
383 1069 730 1126 descriptionem
745 1069 832 1111 sibi
846 1072 1175 1126 deprehendere
1185 1070 1306 1113 visus
1329 1081 1412 1114 est-¹

167 1158 336 1199 Eodem
376 1157 509 1198 modo
552 1155 680 1196 etiam
727 1158 782 1198 de
823 1155 876 1197 iis
920 1155 1118 1198 tribuum
1148 1157 1410 1200 nominibus

82 1229 370 1271 statuendum
404 1239 493 1275 est,
533 1241 643 1283 quae
684 1229 735 1268 ab
774 1227 1070 1269 Erichthonio
1103 1228 1283 1270 inventa
1315 1244 1410 1272 esse

86 1300 322 1350 dicuntur,
362 1299 488 1350 Διάς,
525 1298 753 1352 Ἀθηναΐς,
801 1300 1101 1351 Ποσειδωνιᾶς,
1140 1298 1407 1355 Ἠφαιστιάς,

86 1385 111 1413 a
147 1374 276 1418 Iove,
310 1385 441 1426 quem
474 1368 627 1412 Graeci
654 1373 756 1421 Δία,
789 1369 1010 1417 Minerva,
1044 1386 1173 1427 quam
1200 1371 1406 1427 Ἀθηνᾶν,

83 1443 315 1498 Neptuno,
347 1456 480 1498 quem
515 1444 783 1494 Ποσειδῶνα,
821 1443 1041 1490 Vulcano,
1084 1458 1216 1498 quem
1246 1443 1410 1499 ’Ἡφαι-

85 1530 181 1559 cmv
213 1523 387 1555 vocant.
450 1515 478 1554 A
513 1510 741 1553 Minervae
769 1511 952 1554 nomine
984 1512 1241 1557 universum
1273 1519 1412 1559 Athe-

80 1583 312 1628 'niensium
352 1583 568 1639 populum
611 1584 877 1639 appellatum
911 1578 1011 1626 'esse
1051 1586 1199 1627 sciunt
1239 1601 1409 1631 omnes.

85 1658 171 1701 Sed
202 1672 225 1696 a
261 1659 466 1711 Neptuno
509 1653 671 1707 etiam,
711 1657 826 1711 apud
860 1663 1007 1712 poetas
1040 1669 1177 1706 certe,
1220 1659 1412 1703 Atticam

85 1739 292 1769 vocatam
324 1741 415 1768 esse
449 1730 729 1770 Ποσειδωνίαν
760 1729 915 1769 Strabo
955 1730 1225 1787 testatur¹⁶);
1264 1745 1411 1786 neque

89 1799 274 1842 difficile
316 1809 405 1850 est,
446 1800 578 1852 hujus
619 1799 902 1854 cognomenti
944 1800 1135 1841 rationes
1167 1817 1218 1842 ex
1249 1802 1412 1845 fabulis

88 1871 348 1929 perspicere.
409 1870 464 1911 Et
497 1871 658 1925 majore
696 1869 826 1911 etiam
866 1875 961 1923 jure
993 1886 1015 1912 a
1047 1874 1243 1915 Vulcano
1276 1877 1413 1915 Athe-

52 1974 61 1986 ,
88 1942 268 1984 nienses
301 1940 603 1995 cognominari
644 1953 869 1996 poteraut,
913 1943 1078 1999 quippe
1121 1944 1197 2001 qui
1239 1959 1284 1986 se
1315 1947 1410 1987 Au·-

88 2014 350 2055 tochthones
391 2026 483 2052 esse
529 2010 834 2067 gloriarentur.
913 2017 1238 2058 Autochthones
1287 2017 1410 2060 enim

89 2082 278 2127 Vulcani
318 2097 341 2124 e
381 2082 559 2123 Tellure
600 2081 685 2123 filii
725 2083 873 2126 haberi
913 2087 1077 2135 solent,
1124 2099 1174 2129 ut
1216 2090 1409 2146 Cecrops

92 2166 139 2197 et
168 2151 485 2197 Erichthonius
498 2155 574 2208 ¹⁷);
615 2153 806 2212 ideoque
834 2155 969 2199 etiam
1000 2161 1117 2216 apud
1146 2163 1411 2215 Aeschylum

141 2303 199 2347 25)
227 2300 283 2337 Cf.
309 2304 430 2349 Heyn.
458 2303 483 2338 1.
509 2303 535 2338 l.
567 2315 602 2349 p.
629 2310 707 2349 3¹9.

142 2386 200 2428 26)
227 2387 308 2421 Lib.
335 2389 398 2424 IX.
424 2402 471 2435 p.¹
488 2401 566 2437 397.

142 2469 199 2523 17)
227 2471 286 2504 De
311 2473 479 2518 Cecrope
504 2472 573 2508 vid.
600 2467 736 2518 Hygin.
762 2471 836 2508 fab.
859 2479 949 2519 158„
976 2476 1023 2512 cf.
1049 2474 1123 2513 fab.
1148 2483 1220 2524 43.,
1245 2489 1302 2524 ap.
1328 2477 1414 2513 Me·

94 2529 257 2568 ursium.
286 2531 332 2566 de
358 2535 475 2579 Regu.
513 2533 610 2567 stuic.
639 2535 667 2567 1.
696 2544 775 2580 cap.
803 2536 834 2569 6.
886 2535 941 2570 cf.
969 2538 1135 2573 Eustath.
1164 2538 1210 2572 ad
1237 2539 1341 2572 nidd.
1368 2540 1411 2572 B.

94 2600 129 2624 v.
156 2604 220 2638 547
271 2604 304 2637 p.
343 2607 417 2637 214.
447 2595 555 2628 Pasil.
609 2595 666 2628 De
700 2594 763 2639 iis,
813 2595 875 2642 qui
899 2607 985 2631 eum
1014 2599 1235 2643 Aegyptium
1257 2599 1414 2643 faciunt,

92 2651 164 2688 vid.
187 2659 342 2701 praeter
371 2655 584 2690 Meursium
616 2655 643 2690 L
671 2655 698 2690 1.
737 2654 925 2704 imprimis
957 2658 1215 2694 Hemsterhus.
1250 2658 1295 2692 ad
1331 2659 1413 2693 Ari-
