1706 3058
234 148 315 191 150

232 269 312 303 co,
344 264 387 295 et
419 257 544 302 cujus
577 249 712 292 clavis
743 259 835 291 erat
863 262 997 305 penes
1018 249 1325 305 Epistatam³).
1384 247 1558 305 Sal-pie:

231 327 343 368 sime
375 337 517 366 autem
549 321 682 362 etiam
716 319 763 360 in
793 318 970 376 publico
1000 320 1190 378 proponi
1221 323 1419 362 solebant
1450 324 1559 363 Pse-

233 397 476 454 phismata‚
518 391 665 433 aeneis
698 391 860 434 tabulis
901 403 975 433 aut
1005 391 1190 448 lapideis
1231 389 1452 433 columnis
1485 390 1556 432 in-

235 468 348 511 cisa.
389 463 569 522 publico
608 474 785 516 sumtu,
827 467 955 516 cuius
986 463 1156 519 generis
1189 463 1409 518 hodieque
1438 476 1559 504 non-

238 540 357 581 nulla
383 538 676 591 supersunt⁴),

322 609 409 650 Sed
440 606 588 662 ipsum
619 603 935 661 l‘sephismatis
966 592 1138 647 nomen
1172 604 1349 662 proprie
1378 603 1559 660 quidem

238 685 380 736 legem
411 677 634 736 significat
664 676 712 717 in
744 675 941 741 comitiis
973 677 1106 718 latam
1147 689 1190 718 et
1220 693 1242 719 a
1283 677 1452 733 populo
1484 690 1563 717 ac-

233 763 439 809 ceptam,
481 759 554 789 aut
585 751 768 789 Senatus
799 747 1078 793 consultum,
1120 749 1239 797 (nam
1270 748 1380 788 haec
1410 751 1564 802 βουλῆς

239 827 485 879 ψηφίσματα
519 816 669 859 vocari
710 815 1002 858 notissimum
1046 814 1161 870 est),
1201 830 1225 856 a
1263 818 1398 857 verbo
1428 821 1562 872 ψηφί·

243 902 405 948 ζεσθαι,
461 891 582 947 quod
627 903 732 930 cum
780 886 954 943 proprie
998 885 1240 942 significet,
1292 888 1564 930 calculorum

243 961 504 1019 suffragium
537 962 670 1007 ferre,
720 959 766 1000 in
797 959 1044 1015 generalem
1090 956 1311 998 sciscendi
1343 957 1565 1014 significa-

240 1036 415 1079 tionem
446 1031 575 1081 abiit;
609 1042 756 1071 tamen
789 1043 837 1070 ea
869 1043 1046 1084 quoque
1077 1028 1256 1084 publica
1286 1028 1448 1085 scripta
1480 1033 1567 1072 hoc

241 1104 426 1149 nomine
456 1101 665 1159 appellari
701 1102 867 1148 solent,
901 1115 1013 1155 quae
1043 1113 1135 1139 non
1167 1098 1309 1153 ipsam
1341 1101 1483 1156 legem
1515 1115 1566 1143 ac

243 1175 520 1233 rogationem
554 1171 806 1219 continent,
850 1174 924 1213 sed
965 1169 1072 1227 quid
1112 1180 1257 1210 actum
1287 1169 1344 1210 sit
1384 1172 1438 1212 de
1472 1173 1568 1228 lege

244 1262 295 1289 ac
325 1245 581 1302 rogatione,
623 1254 699 1285 aut
740 1242 848 1298 quid
880 1242 1038 1298 populi
1069 1245 1192 1292 jussu
1223 1242 1389 1282 factum
1421 1241 1568 1284 admi-

241 1317 570 1370 nistratumque
610 1313 689 1362 sit,
742 1322 1117 1358 commemorant,
1165 1323 1237 1359 ut,
1277 1311 1323 1352 in
1366 1313 1566 1370 publicas

241 1389 412 1430 tabulas
443 1386 595 1433 relata,
628 1387 784 1425 harum
815 1399 990 1433 rerum,
1033 1381 1071 1422 si
1102 1383 1215 1423 forte
1248 1397 1355 1438 opus
1387 1382 1460 1432 sit,
1491 1386 1567 1426 do-

242 1468 453 1502 cumento
485 1470 577 1497 esse
607 1455 794 1513 possint.
854 1456 903 1495 Id
926 1468 1066 1510 genus
1087 1452 1345 1508 psephisma
1366 1465 1429 1495 est
1448 1454 1568 1510 apud

241 1529 592 1570 Demosthenem
612 1522 667 1581 ⁴),
710 1525 757 1566 in
790 1538 879 1580 quo
912 1535 1310 1578 commemoratur,
1350 1527 1472 1566 hunc
1501 1527 1569 1567 le-

243 1613 343 1656 gem
384 1595 536 1638 tulisse
567 1598 620 1637 de
660 1593 1019 1637 trierarchiarum
1060 1595 1233 1637 ratione
1271 1597 1566 1638 emendanda:

242 1671 357 1712 male
388 1678 562 1724 rogatae
585 1667 692 1722 legis
713 1667 1005 1722 (παρανόμων)
1027 1667 1299 1721 postulatum
1320 1681 1414 1707 esse
1444 1681 1466 1707 a
1492 1669 1567 1710 Pa-

245 1741 408 1783 trocle:
441 1736 610 1790 judicio
642 1737 895 1777 absolutum
926 1750 1041 1784 esse,
1071 1751 1220 1792 neque
1251 1736 1450 1792 quintam
1470 1739 1567 1779 suf-

243 1808 489 1865 fragiorum
536 1818 706 1863 partem
748 1818 1047 1847 accusatorem
1086 1807 1302 1851 habuisse.
1339 1830 1396 1841 —-
1453 1813 1565 1851 Item

243 1880 366 1921 aliud
379 1877 598 1930 ejusmodi
619 1879 734 1934 apud
755 1877 1006 1930 eundem⁶Jz
1036 1877 1196 1934 Populi
1216 1881 1341 1930 jussu
1353 1883 1566 1935 Prytanes

243 1990 326 2024 aliis
353 1986 563 2022 civitatibus
588 1986 706 2028 locus,
731 1985 798 2019 uhi
820 1985 922 2030 publ.
948 1986 1100 2020 tabulae
1113 1987 1370 2031 servabantur,
1394 1985 1568 2035 Ἀρχεῖον

244 2050 465 2091 vocahatur‚
490 2045 591 2081 unde
614 2057 753 2080 nomen
776 2047 1036 2082 Archivorum.
1063 2047 1113 2081 cf.
1138 2048 1300 2093 Hesych.
1328 2059 1358 2083 ε.
1383 2061 1416 2083 v.
1443 2054 1481 2083 et
1501 2050 1563 2083 In—

244 2117 366 2155 terpp.
1380 2112 1392 2150 J
1503 2110 1505 2113 ’

287 2171 324 2215 5)
352 2170 422 2204 Iul.
446 2169 591 2204 Pollux.
614 2170 717 2203 VIII.
744 2169 800 2214 96.
827 2168 876 2202 cf.
902 2167 1091 2213 Telephus
1112 2181 1169 2215 ap.
1191 2169 1362 2204 Eustath.
1381 2169 1429 2204 ad
1451 2169 1562 2204 Hom.

244 2230 378 2275 Odyss.
408 2230 447 2264 P.
475 2242 509 2262 v.
535 2241 614 2274 455.
640 2241 676 2274 p.
704 2231 782 2274 641.
808 2241 865 2274 45.
890 2230 1002 2264 Basil.

286 2301 322 2343 4)
350 2300 410 2332 De
435 2298 507 2332 hoc
531 2309 639 2332 more
662 2298 770 2343 plura
803 2298 929 2332 dicere
964 2309 1088 2343 neque
1118 2308 1350 2344 magnopere
1383 2296 1430 2331 ad
1467 2296 1566 2332 hanc

241 2358 289 2393 de
321 2359 494 2393 Comitiis
520 2358 777 2404 quaestionem
810 2358 996 2404 pertinet,
1033 2363 1072 2392 et
1105 2369 1422 2404 supervacaneum
1446 2357 1562 2401 soret,

242 2419 442 2465 quoniam,
478 2431 572 2464 quae
605 2419 679 2453 diei
703 2426 878 2464 possent,
914 2418 1039 2452 omnia
1062 2424 1264 2463 praecepta
1286 2425 1372 2452 sunt
1396 2419 1442 2453 ab
1467 2417 1564 2461 aliis,

241 2480 424 2525 imprimis
448 2480 611 2524 'rayloro
645 2480 692 2514 ad
718 2481 877 2526 Lycurg.
910 2492 946 2525 p.
987 2493 1060 2515 121.
1094 2481 1141 2516 R.
1175 2479 1332 2525 Bingio,
1364 2479 1413 2515 de
1444 2479 1562 2514 Dect.

238 2540 340 2575 Atth.
367 2553 399 2575 c.
426 2541 600 2575 XXVIII.
626 2541 839 2586 Boeckhio‚
864 2541 890 2575 l.
916 2541 942 2576 l.
967 2552 1004 2587 p.
1034 2545 1109 2586 185.

281 2610 320 2654 5)
346 2611 406 2644 De
437 2610 588 2644 Corona
620 2621 657 2654 p.
686 2610 764 2645 261.

279 2677 315 2720 6)
341 2679 401 2713 De
426 2679 575 2713 Corona
606 2689 642 2724 p.
679 2689 756 2724 25⁰·
