1706 3058
228 117 307 166 134

231 239 337 282 gum
369 223 794 280 praescriptionibus
835 237 929 265 non
960 222 1230 267 nominatim
1265 225 1565 279 comprehen-

231 299 404 339 dantur.
477 297 560 337 sed
601 293 783 348 publica
830 294 1014 343 delicta,
1069 309 1180 350 quae
1232 294 1396 348 ἄγραφα
1441 304 1562 342 sunt,

234 368 385 411 omnia
435 368 489 408 ad
539 369 786 423 εἰσαγγελίαν
816 366 1067 422 pertinent,
1122 365 1204 407 etsi
1256 379 1348 406 non
1398 365 1566 421 omnia,

235 455 345 496 quae
390 440 443 480 ad
489 440 737 494 εἰσαγγελίαν
776 438 1028 494 pertinent,
1069 437 1233 494 ἄγραφα
1271 447 1390 479 sunt.
1451 437 1567 477 Illud

236 522 381 553 autem
413 507 716 551 certissimum
756 524 848 551 esse
887 521 1023 566 puto,
1063 509 1261 566 ἀγράφων
1304 507 1566 562 ἀδικημάτων

236 597 428 629 nomen,
482 582 603 636 quod
645 581 763 636 apud
811 583 984 622 nullum
1026 580 1261 637 antiquum
1306 578 1568 635 scriptorem

238 652 491 701 invenitur,
533 651 638 693 solis
670 655 915 695 Rhetorum
948 669 997 694 ac
1037 651 1345 708 sophistarum
1376 647 1568 705 ingeniis

236 724 410 772 deberi,
444 736 487 766 et
516 723 565 765 in
598 725 696 765 foro
727 725 872 766 Attico
904 738 995 765 non
1027 722 1166 779 magis
1199 720 1458 763 exauditum
1487 735 1568 762 un-

239 809 374 850 quam
406 810 512 843 esso,
544 810 679 851 quam
710 794 1031 851 inscriptorum
1054 792 1379 834 maleficiorum
1410 789 1458 831 in
1481 794 1567 833 Ro·

239 880 387 908 mano.
461 872 686 923 Lycurgus
726 865 930 922 quidem,
971 864 1018 905 in
1058 862 1258 906 oratione
1296 861 1344 903 in
1376 865 1571 903 Leocra-

241 947 331 978 tem
346 942 421 990 ¹⁷),
467 941 520 980 ad
553 938 829 994 designanda
862 936 1081 988 ejusmodi
1122 932 1469 976 extraordinaria
1498 942 1570 974 at-

242 1021 327 1063 que
375 1008 589 1066 inscripta
638 1007 878 1054 maleficia,
933 1004 1337 1048 circumlocutione
1379 1006 1609 1062 quadam-

241 1078 399 1123 utitur.
457 1081 571 1131 ’Ὀσα
601 1083 672 1137 μὲν
703 1079 779 1137 γὰρ
810 1085 890 1122 τῶν
922 1077 1196 1132 ἀδικημάτων,
1229 1074 1403 1132 inquit,
1443 1075 1573 1129 νόμος

196 1153 199 1155 ’
240 1167 300 1200 τις
331 1152 516 1208 διώρικε,
558 1153 705 1210 ῥᾴδιον
745 1150 874 1208 τούτῳ
912 1149 1058 1192 κανόνι
1093 1150 1348 1204 χρωμένους,
1387 1146 1573 1198 κολάζειν

240 1222 338 1273 τούς
377 1229 740 1281 παρανομοῦντας·
793 1221 887 1265 ὅσα
927 1222 980 1264 δὲ
1019 1218 1080 1274 μὴ
1123 1219 1332 1275 σφόδρα
1369 1221 1573 1274 περιεί-

240 1299 404 1348 ληφεν
447 1298 522 1339 ἑνὶ
563 1293 782 1348 ὀνόματι
820 1290 1287 1347 προσαγορεύσας,
1322 1293 1485 1343 ’μείζω
1517 1291 1572 1334 δὲ

239 1365 444 1409 τούτων
475 1369 550 1415 τὶς
577 1363 865 1419 ἠδίκηκεν,
897 1362 1022 1405 ἅπασι
1045 1363 1087 1404 δὲ
1112 1361 1262 1416 ὁμοίως
1285 1361 1422 1415 ἔνοχός
1450 1362 1570 1413 ἔστιν,

241 1433 467 1493 α’·ναγκαῖον
487 1436 560 1490 τήν
582 1433 779 1491 ὑμετέραν
809 1437 944 1489 κρίσιν
974 1435 1292 1476 καταλείπεσθαι
1320 1430 1576 1487 παράδειγμα

241 1514 326 1558 τοῖς
356 1510 689 1567 ἐπιγιγνομένοις.
751 1504 873 1561 Quid
913 1502 1035 1544 enim
1076 1502 1182 1551 ista,
1226 1516 1337 1558 quae
1375 1502 1445 1542 lex
1483 1515 1574 1543 uno

241 1579 430 1622 nomine
469 1595 562 1622 non
601 1576 969 1633 comprehendat,
1024 1573 1205 1622 delicta,
1258 1587 1370 1629 quae
1408 1576 1576 1624 majora

242 1649 334 1696 sint
363 1651 443 1701 iis,
481 1654 534 1693 de
556 1648 720 1707 quibus
738 1650 856 1704 leges
879 1643 1152 1687 nominatim
1175 1643 1433 1694 statuerint,
1465 1642 1576 1700 quid.

242 1723 351 1763 haec
382 1739 474 1765 esse
506 1722 722 1767 dicamus,
754 1716 843 1758 nisi
867 1715 1215 1758 extraordinaria
1246 1726 1378 1770 atque
1409 1711 1575 1756 inscri-

241 1793 354 1848 pta?
415 1796 581 1851 Atque,
625 1805 728 1832 cum
769 1787 989 1840 ejusmodi
1031 1802 1123 1829 esse
1157 1787 1399 1829 contendat
1429 1795 1576 1827 orator

243 1879 292 1906 ca
324 1865 508 1918 delicta,
541 1876 734 1919 quorum
763 1870 992 1900 accusatur
1021 1860 1074 1898 ab
1107 1873 1158 1900 eo
1192 1862 1449 1910 Leocrates,
1492 1857 1576 1896 de-

241 1937 355 1978 latus
388 1948 537 1978 autem
568 1934 625 1975 sit
656 1936 885 1975 Leocrates
917 1943 995 1985 per
1025 1932 1298 1986 εἰσαγγελίαν,
1339 1930 1449 1970 haec
1481 1925 1572 1969 dici

241 2019 387 2067 potest
419 2009 641 2064 εἰσαγγελία
672 2001 873 2061 ἀγράφων
907 2000 1182 2056 ἀδικημάτων.

328 2080 383 2121 At
413 2075 674 2120 Desiderius
708 2074 941 2121 Heraldns,
973 2072 1043 2113 vir
1073 2083 1116 2113 et
1146 2069 1348 2113 doctrina
1380 2080 1424 2112 et
1453 2068 1573 2128 inge—

242 2149 320 2192 nio
355 2148 569 2196 eximius,
602 2157 644 2188 et
676 2158 791 2185 unus
810 2144 1015 2187 omnium
1040 2146 1094 2186 de
1125 2144 1234 2186 luris
1266 2140 1404 2185 Attici
1435 2139 1575 2183 scien·

242 2222 304 2263 tia
331 2217 680 2278 praeclarissime
702 2215 897 2266 meritus,
928 2230 1031 2257 cum
1064 2215 1216 2259 falsam
1246 2209 1447 2256 salmasii
1480 2208 1576 2267 opi-

242 2293 454 2341 nionem,
509 2291 756 2346 εἰσαγγελίαν
795 2285 1074 2328 simillimam
1127 2300 1219 2327 esse
1261 2287 1576 2326 Romanorum

186 2373 189 2376 '
240 2362 525 2411 stellionatui,
560 2361 795 2409 refutaret,
825 2359 960 2414 longe
992 2356 1122 2398 aliam
1144 2354 1345 2412 ἀγράφων
1378 2350 1578 2407 ἀδικημά-

239 2454 320 2480 των
353 2431 696 2491 explicationem
713 2428 963 2487 proposuit,
997 2439 1040 2469 ct
1059 2429 1246 2484 probare
1279 2425 1340 2466 ita
1371 2423 1577 2466 studiose

241 2518 426 2550 conatus
459 2517 547 2553 est,
591 2513 642 2544 ut
672 2515 852 2544 omnem
886 2498 1292 2542 Grammaticorum
1331 2494 1578 2543 auctorita-

280 2650 338 2694 37)
368 2647 529 2692 Lycurg.
557 2644 596 2680 in
622 2644 754 2678 Leocr.
781 2653 819 2687 p,
852 2652 930 2687 ²49·
947 2639 1075 2685 Steph-

1679 2893 1706 3058 [Q'2⁴.*⁴‘··:ae¹*⁵·
1685 2694 1706 2877 &numni-s·
1686 2263 1706 2680 ···tx.munxdn·÷‘-.Q
1673 2118 1706 2250 *zaraa—⁴¹⁶
1698 2004 1703 2015 ·
1704 1954 1706 1961 -
