1706 3058
286 109 366 154 238

289 221 396 261 dum
427 211 670 274 probabilis
701 222 767 254 est
795 209 1015 254 Boeckhii
1046 216 1322 264 conjectura,
1366 209 1610 254 triobolum

290 290 428 333 fuisse
470 286 758 335 diurnum²·)‚

373 359 501 416 Apud
531 359 614 397 hos
646 353 785 410 igitur
818 354 1108 395 Nomothetas
1140 353 1194 393 de
1234 351 1408 408 legibus
1444 351 1612 394 veteri-

288 441 371 480 bus
401 447 450 473 ac
480 424 611 471 novis
643 426 890 466 certabatur
920 426 972 465 ab
992 423 1166 464 illarum
1201 422 1404 475 Syndicis
1436 423 1616 479 publice

291 497 576 550 constitutis,
624 495 839 552 aliisque,
871 494 907 536 si
939 493 1014 551 qui
1045 504 1201 549 sponte
1233 504 1435 535 veterum
1466 496 1617 551 legum

289 569 591 636 patrocinium
630 577 935 622 susceperant,
991 577 1034 607 et
1069 579 1091 604 a
1131 578 1350 605 novarum
1398 564 1619 622 rogatori-

291 653 397 694 bus.
439 642 516 702 qui
549 651 591 682 et
631 637 717 694 ipsi
757 651 859 678 suos
890 635 1210 690 subscriptores
1242 636 1458 677 adducere
1489 647 1620 692 pote·

291 730 405 764 rant.
465 711 550 756 Ubi
572 710 674 752 satis
705 710 757 750 ab
787 707 987 762 utrisque
1010 706 1283 761 disputatum
1315 718 1419 754 erat,
1450 709 1622 748 Nomo-

291 796 459 834 thetae,
501 780 746 825 sententias
777 777 942 834 rogati,
973 775 1187 833 porrectis
1219 778 1434 818 manubus
1464 776 1620 819 suffra.

294 863 416 920 gium
450 854 623 897 inibant
637 854 709 903 ²⁴);
742 851 882 905 leges,
915 851 968 890 ab
993 847 1102 904 ipsis
1133 850 1367 903 probatae,
1410 847 1506 889 eive
1537 863 1621 890 ve-

291 947 408 976 teres
439 935 586 977 erant,
629 919 867 977 antiquatis
907 918 1060 966 novis,
1103 917 1199 959 sive
1229 933 1401 967 novae,
1441 917 1622 961 sublatis

292 1000 545 1046 veteribus,
588 993 752 1050 quibus
785 994 1020 1048 obrogatae
1063 1002 1208 1043 erant,
1247 992 1299 1030 ab
1340 1004 1392 1031 eo
1425 1000 1623 1047 tempore

294 1076 504 1118 valebant
549 1065 894 1118 universamque
936 1060 1165 1103 civitatem
1205 1063 1426 1103 tenebant.
1498 1064 1623 1105 Cete-

297 1162 396 1191 rum
427 1139 801 1185 Nomothetarum
833 1131 1049 1179 consilio,
1081 1132 1208 1171 velut
1239 1133 1470 1184 ecclesiae,
1500 1147 1624 1190 prae-

296 1218 503 1261 sidebant
532 1204 737 1258 Proedri,
770 1219 793 1245 a
825 1217 1016 1260 quorum
1047 1201 1251 1257 principe
1282 1203 1330 1243 in
1361 1204 1625 1261 suffragium

297 1283 673 1331 mittebantur²⁵);
706 1275 977 1320 assidebant,
1010 1272 1047 1312 si
1078 1285 1170 1312 non
1202 1287 1401 1327 semper,
1433 1286 1477 1316 at
1506 1289 1625 1317 non-

298 1367 531 1411 nunquam
572 1359 716 1399 certe,
757 1343 1064 1396 Senatores²⁶).
1146 1345 1333 1383 Decreta
1375 1357 1530 1387 eorum
1570 1347 1627 1388 ad

301 1429 483 1473 eandem
517 1419 755 1463 formulam
787 1412 1187 1470 consignabantur,
1226 1427 1336 1469 quae
1367 1412 1417 1455 in
1447 1416 1627 1472 Psephi.

303 1496 455 1542 ematis
486 1489 646 1550 populi
678 1484 873 1529 solennis
898 1495 1013 1534 erat;
1047 1488 1169 1536 cujus
1187 1484 1359 1541 generis
1373 1487 1627 1542 exemplum

297 1573 510 1614 habemus
542 1561 659 1620 apud
688 1558 1042 1601 Demosthenem
1072 1555 1119 1596 in
1151 1554 1350 1598 oratione
1389 1555 1438 1598 in
1469 1556 1631 1600 Timo-

300 1653 466 1687 cratem
477 1655 490 1682 :

351 1767 409 1811 25)
437 1757 743 1798 Staatshaushalt.
772 1755 807 1789 d.
843 1754 977 1789 Athen.
1005 1755 1034 1788 1.
1061 1764 1138 1800 257.

350 1835 409 1878 24)
435 1829 631 1866 Demosth.
658 1826 739 1860 adv.
768 1824 973 1857 Timocrat.
999 1834 1034 1867 p.
1062 1834 1140 1869 7¹0·
1166 1832 1211 1857 ex
1234 1822 1343 1868 lege:
1380 1821 1626 1868 διαχειρο-

303 1896 474 1935 ιονίαν
498 1888 535 1926 δὲ
559 1889 682 1924 ποιεῖν
693 1885 775 1922 τους
785 1880 991 1928 Προέὸρους
1003 1887 1087 1928 περὶ
1111 1897 1252 1919 τουτων
1275 1883 1348 1918 τοῖν
1365 1883 1500 1928 νόμων,
1523 1897 1632 1928 πρω-

303 1970 369 1993 cor
394 1955 460 2000 μὲν
483 1954 568 1994 περὶ
593 1962 656 1983 του
690 1945 877 1987 κειμένου,
913 1940 945 1977 εἰ
969 1940 1068 1977 δοκεῖ
1099 1939 1302 1986 ἐπιτήδειος
1324 1943 1421 1979 εἶναι
1453 1943 1504 1988 τῷ
1528 1942 1630 1990 δήμω

304 2016 377 2052 τῶν
408 2012 647 2056 Ἀθηναίων,
683 2003 707 2049 ἢ
742 2001 794 2039 ου’
826 2001 955 2037 ἔπειτα
985 2005 1070 2044 περὶ
1104 1999 1172 2036 τοῦ
1202 2003 1413 2045 τιθεμένου.
1451 2001 1634 2048 ὁπότερον

304 2074 337 2111 δ’
361 2074 405 2111 ἂν
431 2062 841 2116 χειροτονήσωσιν
864 2076 898 2097 οι
924 2063 1157 2107 Nepesina,
1182 2060 1316 2096 τοῦτον
1332 2059 1458 2108 nieuw
1475 2061 1583 2098 εἶναι.

356 2158 412 2202 25)
441 2151 637 2190 Demosth.
666 2147 743 2182 l.1
770 2158 806 2190 Ρ
833 2156 912 2191 723.
932 2156 976 2178 ex
1001 2143 1296 2188 praescriptione
1313 2143 1410 2211 'legis
1434 2146 1630 2180 inNomo

307 2219 497 2253 thetarum
522 2210 681 2248 consilio
706 2209 825 2242 latae:
869 2205 949 2241 Των
981 2201 1181 2248 Προέὸρων
1204 2200 1426 2250 ἐπεψήφισεν
1455 2201 1633 2249 Ἀριστο-

306 2278 390 2322 κλῆς
414 2270 690 2319 Μιῤῥινουσιος
739 2264 990 2313 Myrrhinusii
1014 2268 1101 2296 sunt
1124 2262 1244 2296 tribus
1269 2262 1531 2308 Panffionidis,
1568 2276 1634 2300 cu-

308 2341 364 2382 jus
391 2349 435 2371 eo
462 2339 634 2378 tempore
658 2329 837 2375 Prytania
867 2331 959 2360 erat.
986 2344 1030 2349 —
1077 2324 1163 2356 Non
1196 2321 1356 2357 absurde
1388 2324 1636 2360 Nomothetg.

307 2409 393 2433 rum
436 2393 635 2430 consilium
675 2388 844 2433 ἐκκλησία
881 2398 934 2422 τις
972 2390 1126 2419 vocatur
1169 2382 1209 2416 in
1240 2383 1330 2417 Lex.
1365 2384 1478 2419 Rhet.
1513 2384 1630 2420 Bekk.

308 2472 344 2505 Ρ.
372 2464 449 2498 282.

357 2528 414 2570 26)
441 2521 638 2559 Demosth.
664 2520 690 2554 1.
715 2519 741 2552 l.
767 2529 805 2562 p.
831 2519 910 2563 708
938 2525 982 2548 ex
1006 2512 1191 2558 Epicratis
1224 2511 1505 2556 psephismate:
1543 2511 1633 2547 Τοῦτ
1692 2510 1706 2518 ‘

308 2587 347 2624 δὲ
371 2586 592 2631 Nemeen:
617 2581 712 2617 εἶναι
736 2579 800 2614 ἕνα
824 2580 884 2625 καὶ
908 2574 1065 2618 χιλίους,
1090 2573 1128 2609 ku
1151 2571 1226 2608 τῶν
1251 2567 1525 2617 ὀμωμοκότων·
1551 2584 1632 2607 συν·

304 2647 526 2692 νομοθετεῖν
551 2640 588 2678 δὲ
613 2644 674 2676 καὶ
707 2636 774 2683 τήν
795 2633 940 2682 βουλήν
