1706 3058
1397 125 1479 187 6¹⁷

212 236 333 278 Haec
364 230 709 276 extraordinaria
734 232 932 281 comitia,
965 246 1075 289 quae
1104 231 1299 289 plurima
1329 243 1454 274 erant

127 307 452 362 bellitempore
476 317 518 347 et
548 304 734 361 trepidis
765 303 1004 360 rebus¹⁴)‚
1039 304 1280 347 convocari
1312 316 1355 347 et
1378 308 1452 346 ha-

127 377 224 420 beri
255 380 517 434 plerumque
548 379 747 418 solebant
778 391 799 416 a
824 374 1038 432 strategis,
1072 377 1150 433 qui
1178 376 1226 417 in
1256 376 1452 433 psephis—

123 460 297 490 matum
338 447 758 504 praescriptionibus
800 459 876 488 aut
914 449 998 489 soli
1049 460 1124 490 aut
1171 448 1305 491 simul
1350 462 1454 489 cum

124 520 387 577 prytanibus
420 519 659 561 memorari
690 521 845 568 solent,
879 521 1000 560 unde
1031 521 1192 562 merito
1224 519 1454 573 conjicias,

127 588 366 647 prytanum
399 602 442 631 et
471 602 650 632 senatus
693 605 920 633 consensu
961 606 1070 646 opus
1111 590 1262 632 fuisse.
1322 595 1453 644 Ejus—

126 661 256 703 modi
284 661 647 718 praescriptiones
665 665 749 704 hae
780 674 906 703 sunt:
937 666 1067 703 Dem.
1093 663 1147 703 de
1172 663 1274 706 Cor.
1298 663 1395 707 258.

207 733 312 778 Ἐπὶ
332 733 618 788 Μνησιφύλου
637 734 843 789 ἄρχοντος,
876 733 1103 791 συγκλήτου
1135 736 1350 789 ἐκκλησίας
1370 733 1452 780 find

127 812 362 863 στρατηγῶν
399 807 640 862 γενομένης,
697 805 936 862 πρυτάνεων
986 808 1056 849 καὶ
1106 810 1261 861 βουλῆς
1298 807 1452 867 γνώμῃ.

127 879 206 921 ubi
236 889 457 934 postrema
488 878 621 917 verba
641 886 881 932 prytanum
913 888 956 918 et
975 887 1152 920 senatus
1184 891 1453 920 consensum

126 948 330 991 indicant
347 955 360 974 ¹
375 951 434 999 ⁵).

212 1024 344 1062 Dem.
378 1021 432 1060 de
462 1020 562 1063 Cor.
592 1034 635 1074 p.
666 1018 762 1077 249.

210 1092 313 1135 Ἐπὶ
342 1093 536 1149 ἄρχοντος
569 1094 811 1144 Νεοκλέους,
852 1093 980 1147 μηνὸς
1012 1099 1347 1151 Βοηδρομιῶνος,
1389 1095 1452 1138 ἔκ-

126 1166 294 1220 namtas
323 1165 548 1221 συγκλήτου
578 1162 661 1208 ’ὕπὸ
691 1171 921 1221 στρατηγῶν
951 1171 1242 1222 συναχθείσης,
1286 1167 1456 1224 Εὔβου-

126 1243 199 1287 λος
228 1239 477 1290 Μνησιθέου
510 1235 697 1291 Κύπριος
733 1235 991 1292 (Κυθήριος)
1023 1237 1148 1283 εἶπεν.

214 1309 358 1363 Atque
387 1308 502 1364 apud
522 1305 836 1360 Thucydidem
866 1307 915 1348 in
935 1309 1125 1352 formula
1156 1310 1457 1364 induciarum‚·

127 1379 246 1422 inter
277 1378 563 1422 Athenienses
595 1379 1061 1436 Lacedaemoniosque
1092 1382 1320 1435 factarum,
1352 1398 1458 1424 con·

128 1450 359 1498 stituitur,
392 1461 443 1490 ut
473 1448 657 1491 comitia
678 1452 920 1491 habeantur
939 1466 961 1491 a
992 1453 1254 1507 prytanibus
1286 1465 1329 1495 et
1348 1438 1454 1495 stra-

128 1521 265 1577 tegis,
304 1523 357 1562 de
396 1535 502 1576 pace
542 1521 946 1574 componendam).
1015 1529 1169 1578 Itaque
1200 1523 1312 1564 illud
1342 1540 1457 1580 quo-

124 1605 221 1649 ›que
251 1589 444 1646 intelligi
476 1601 644 1645 potest,
674 1605 750 1630 cur
780 1592 1092 1644 Thucydides,
1124 1593 1204 1634 ubi
1235 1599 1456 1651 populum

131 1679 156 1705 a
173 1663 340 1706 Pericle
361 1672 658 1704 convocatum
679 1675 771 1701 esse
801 1674 961 1714 narrat,
995 1662 1303 1718 explicationis
1325 1683 1456 1712 causa

131 1737 285 1777 addat:
324 1737 379 1777 ἔτι
417 1731 453 1776 δ’
491 1733 746 1789 ἐστρατήγεις
798 1745 849 1774 ut
888 1733 1177 1790 perspicuum
1219 1737 1316 1787 fiat,
1362 1754 1453 1795 quo

129 1811 227 1860 iure
256 1805 303 1846 id
334 1805 477 1845 facere
508 1803 808 1859 potuerit17).
869 1809 1010 1862 Atque
1033 1807 1210 1849 eosdem
1241 1821 1456 1868 strategos

129 1877 265 1920 etiam
296 1875 513 1932 impedire
542 1876 741 1932 potuisse
773 1877 971 1928 comitia,
1003 1893 1055 1920 ex
1086 1881 1241 1922 eodem
1275 1884 1458 1938 Thucy-3

131 2006 277 2051 Pollux,
303 2007 500 2053 quoniam,
528 2014 634 2054 puto,
652 2006 842 2055 σῦγκλητοι
862 2007 956 2046 ἐκκλ.
975 2010 1201 2059 plerumque
1216 2020 1323 2048 erant
1339 2014 1455 2052 etiam

129 2068 384 2113 αατακλησίαι.

183 2139 240 2181 14)
263 2135 436 2172 Aeschin.
459 2136 506 2172 de
524 2137 608 2172 fals.
628 2138 703 2184 leg.
721 2150 757 2184 p.
781 2149 858 2183 251.
875 2140 1021 2179 πλείους
1039 2138 1078 2177 δὲ
1103 2141 1292 2188 ἐκκλησίας
1308 2146 1454 2193 συγκλῆο

133 2210 217 2234 τους
236 2194 482 2246 ἠναγκάζεσθε
508 2196 750 2245 ἐκκλησιάζειν
773 2199 868 2246 μετ-οὶ
896 2199 1012 2248 φόβου
1038 2208 1099 2238 καὶ
1123 2203 1314 2250 θορύβου,
1339 2203 1364 2252 ἤ
1389 2207 1453 2245 τοὶς

133 2261 356 2305 τεταγμένας
373 2258 410 2296 ἐκ
426 2259 500 2296 τῶν
525 2258 661 2306 νόμων.

186 2327 242 2371 15)
266 2328 419 2372 Saepius
437 2328 618 2371 ejusmodi
636 2328 798 2365 formula
821 2332 1135 2377 psephismatihus
1154 2334 1271 2379 inest,
1303 2338 1368 2372 sed
1385 2339 1454 2375 ali-

133 2393 196 2421 ter
211 2387 413 2432 collocata,
441 2391 544 2433 cujus
562 2390 619 2424 rei
640 2392 877 2437 explicandae
896 2394 996 2428 infra
1015 2395 1086 2429 erit
1102 2396 1219 2431 locus.
1273 2399 1453 2434 Ceterum

134 2459 196 2493 ap.
217 2443 516 2486 Demosthenem
528 2452 642 2497 vulgo
660 2454 854 2489 scribitur:
883 2461 944 2491 καὶ
963 2454 1175 2504 πρυτάνεων
1200 2470 1234 2492 κ.
1264 2463 1301 2504 β.
1325 2473 1354 2505 y.
1386 2462 1452 2494 sed

134 2509 238 2553 prius
257 2509 351 2544 illud
362 2518 422 2548 καὶ
440 2524 526 2547 cum
540 2513 580 2547 in
598 2513 740 2560 aliquot
757 2516 946 2550 codicibus
965 2516 1071 2560 desit,
1092 2518 1295 2554 delendum
1311 2521 1453 2565 putavi.

184 2578 242 2621 16)
263 2579 429 2624 Thucyd.
454 2582 517 2618 tv.
538 2587 616 2622 118.
635 2581 685 2619 cf.
703 2582 819 2621 etiam
844 2583 968 2621 Schol.
997 2586 1046 2621 ad
1071 2587 1145 2622 111.
1172 2588 1229 2633 36,

178 2645 238 2691 ²7)
257 2647 308 2682 ΙΙ.
332 2657 390 2693 59.
